4012 5344
784 212 834 280 De
849 209 1180 297 compensationibus.
1679 209 1684 216 ’
1708 227 1783 308 top

177 294 280 379 obstat,
296 315 367 374 eum,
446 306 611 376 compensat,
628 299 813 377 peremnidert,
833 305 849 361 i.
868 307 983 376 arreptius
1012 309 1069 363 stis.
1090 307 1226 376 Ulsrejeti.
1245 321 1300 374 est.
1320 313 1362 366 tr.
1382 323 1409 366 n.
1427 299 1471 378 46.
1490 305 1591 378 antqu
1609 299 1675 368 ibbi.
1693 309 1740 366 cit.
1761 305 1825 368 Nee

178 395 231 433 nen
246 379 298 446 peti
320 373 359 434 15.
403 387 521 431 natam
540 371 702 442 rembaberi,
721 371 984 446 inoperantem
1013 380 1103 434 mititte
1120 374 1197 449 elus,
1215 375 1286 446 quod
1302 379 1362 452 quis
1391 375 1588 438 se'solututum
1612 373 1727 449 iuravit,
1755 397 1822 435 cuna

176 445 205 506 8.
224 447 252 503 C.
272 444 298 506 t·
315 462 336 503 t.
354 443 438 505 debiti
463 461 528 502 veto
545 443 677 502 naturalis
703 442 808 499 nullam
825 447 984 512 petitionem
1013 447 1069 504 alio
1085 449 1136 503 sim
1159 447 1203 505 lici
1220 447 1315 508 debito
1325 449 1507 517 compensatio
1524 463 1584 520 est3
1602 465 1665 506 cum
1682 447 1761 506 bdem
1780 446 1824 516 iu-

174 536 240 576 esse.
257 515 491 596 Capsidetandum
508 515 602 586 enim,
618 515 748 582 pstiimis
766 513 927 572 vocabulum
943 512 983 570 la·
1014 468 1157 588 risjurandt'
1185 518 1298 587 implere
1313 532 1470 591 censeatur,
1487 523 1534 591 qni
1561 529 1736 588 compensares
1753 519 1819 576 dum

174 589 229 645 tius
256 589 285 641 in
302 603 358 658 ture
376 598 470 643 nostro
487 595 593 654 patere,
620 593 726 640 utnon
743 586 825 642 modo
849 581 984 642 abbionem
1012 590 1039 645 dr
1057 605 1233 656 compensans
1241 590 1306 648 dare
1315 589 1490 662 intelligitur,
1507 591 1526 646 Ι.
1545 591 1589 648 oei
1594 589 1755 660 pertentavit
1777 601 1819 660 ¹9·

176 659 207 714 in
228 652 326 724 iudicio
343 656 549 724 instituendam,
565 655 610 728 sed
627 655 655 715 ἃ
674 655 855 713 retentionem
872 674 918 724 per
935 673 952 712 o
970 685 982 696 ·
1005 653 1043 725 ffs
1058 657 1089 714 de
1107 657 1215 716 liberari
1230 679 1325 728 causa,
1342 661 1361 715 Ι.
1378 659 1478 715 ddisse
1496 659 1538 744 76.
1550 655 1706 732 ffideosrb.
1726 655 1818 733 sigim(

178 728 293 797 positam
311 727 366 786 doli
383 724 449 782 mali
466 729 664 794 exceptionem,
682 739 729 782 aut
746 723 890 796 allegatam
907 742 940 780 co
1010 745 1042 782 ac
1058 728 1172 800 solvere,
1208 729 1236 784 ui
1253 728 1395 788 seliberat
1405 729 1440 786 ab
1450 727 1627 803 obligatione,
1644 729 1662 787 Ι.
1683 731 1710 786 si
1723 749 1750 784 se
1767 748 1820 785 non

177 800 382 868 pensationem,
399 791 606 864 complebtatur:
630 813 663 850 eo
679 794 760 852 modo
778 813 841 872 quo·
857 795 891 858 <5
908 814 983 874 egere
1003 795 1039 864 ’4.
1055 791 1089 869 5.·
1105 813 1160 865 pen.
1203 795 1260 857 ,ΙΙ
1287 821 1314 859 re
1330 799 1416 866 iridis.
1448 819 1533 871 neque
1555 806 1666 870 interest
1703 815 1817 870 pensan-

174 869 200 924 ΙΙ
217 867 340 938 videtur,
358 869 404 937 qui
421 871 582 934 exceptione
597 866 705 936 utitur,
729 866 747 919 Ι.
768 882 791 921 ι.
803 862 842 936 θ.
861 867 892 922 de
908 884 980 920 eate-
1009 867 1046 926 do
1061 869 1123 938 apris
1139 866 1298 940 satisfaciat,
1309 885 1350 926 'an
1371 870 1532 928 naturaliter
1548 869 1647 942 solvat,
1664 839 1727 925 dri
1743 867 1815 924 dibi-

170 938 300 1006 priamus
321 953 403 996 ueeo
418 953 495 994 sensu
515 939 694 1003 impensarum
716 935 831 1000 repetitio
847 935 946 1004 datur,
963 934 979 988 Ι.
1010 952 1057 993 tor.
1086 936 1110 1007 4.
1121 933 1163 1008 ff.
1181 940 1227 1012 qui
1253 953 1303 1008 pet.
1323 942 1351 994 iu
1368 943 1435 1014 pipi.
1453 939 1471 995 Ι.
1490 943 1515 996 si
1531 955 1633 996 coerrat
1659 936 1683 1005 4.
1704 937 1730 994 t:
1749 937 1773 997 h.
1793 955 1814 994 t.

172 1007 284 1070 domum
303 957 335 1065 cb
356 1004 466 1070 Codes
484 1005 522 1082 ssi
541 1003 624 1062 vind*
641 1021 707 1074 quas
724 1018 816 1062 tamen
838 1007 910 1060 nullo
928 1004 981 1060 olio
1004 1021 1042 1084 [ac
1066 1007 1181 1080 denique
1199 1002 1382 1078 jurejurandum
1406 1006 1478 1068 ablui
1495 1017 1572 1081 gesto
1597 1001 1733 1076 adiectum
1759 1026 1814 1064 non

174 1075 250 1132 modo
266 1095 349 1148 quam
374 1091 417 1146 per
434 1075 615 1140 retentionem,
631 1077 733 1132 oetvari
750 1091 845 1143 posse,
861 1073 981 1134 Julianus
1010 1087 1098 1134 mutat
1116 1093 1190 1134 actua
1207 1081 1277 1152 gesti
1297 1079 1487 1149 naturam,sed
1498 1091 1606 1136 tautum
1624 1079 1736 1137 eundem
1751 1094 1817 1134 con-

173 1158 276 1218 monet,
294 1148 312 1203 l.
328 1151 351 1204 si
367 1149 396 1206 in
413 1164 479 1201 area
496 1139 540 1216 53,
559 1145 588 1200 in
599 1143 658 1216 fine
668 1140 706 1217 ff.
725 1133 874 1226 beandiii.
894 1141 978 1202 indeb-
1010 1145 1108 1218 firmat,
1125 1166 1158 1204 ac
1175 1147 1209 1204 de
1227 1160 1317 1206 cetero
1326 1151 1447 1220 sequitur
1464 1162 1589 1208 naturam
1606 1158 1691 1218 actus,
1709 1153 1753 1203 cui
1770 1164 1819 1218 ap<

172 1233 225 1276 nec
242 1215 353 1276 dubium
371 1235 425 1276 esse
434 1225 532 1284 potest,
550 1215 617 1284 quin
636 1217 664 1272 dr
682 1215 713 1276 ia
730 1212 834 1281 obtebla
853 1213 878 1270 d.
897 1214 915 1274 l.
938 1212 979 1270 15.
1046 1222 1118 1274 nitur
1128 1236 1136 1285 ;
1155 1229 1184 1278 ut
1203 1217 1317 1288 proinde
1327 1237 1382 1274 non
1391 1223 1479 1276 minus
1497 1221 1529 1292 is,
1541 1225 1591 1292 ¹spati
1609 1217 1711 1291 juravit
1729 1235 1756 1276 se
1773 1235 1818 1292 so·

172 1285 270 1346 latiore
287 1288 334 1346 illa
360 1283 569 1360 significatione·
576 1283 680 1356 perenm
697 1283 857 1342 vocabulum
886 1283 980 1340 Paulus
1020 1299 1144 1358 uturum,
1160 1303 1332 1356 compensare
1350 1290 1452 1372 possit,
1469 1305 1549 1358 quam
1565 1295 1610 1360 qui
1638 1295 1695 1344 sine
1713 1283 1817 1357 juteluv

172 1358 307 1415 accederit
333 1360 398 1418 dum
413 1371 494 1424 eum,
517 1359 563 1422 qui
580 1353 703 1412 debitum
719 1353 840 1410 oblatum
856 1365 980 1420 accepta·
1009 1357 1098 1414 tando
1113 1358 1148 1418 ad
1165 1355 1326 1415 solvendum
1343 1377 1370 1416 se
1388 1359 1517 1429 devincit,
1532 1356 1684 1416 Fachineus
1701 1374 1814 1414 controv.

124 1451 131 1460 ·
174 1431 226 1498 sit,
281 1429 339 1500 ‘que
355 1421 519 1486 dedatiione
536 1421 621 1482 debiti
630 1439 693 1482 usus
709 1436 759 1493 est,
778 1423 863 1482 videri
877 1425 981 1493 petiisse
1009 1423 1056 1483 lib.
1078 1446 1101 1486 ι.
1119 1441 1175 1496 top.
1196 1439 1220 1496 7.
1239 1425 1347 1486 Zoesius
1365 1427 1496 1486 adFand.
1515 1429 1540 1487 b.
1558 1446 1579 1485 r.
1598 1450 1626 1486 n.
1639 1423 1687 1502 Ι28.
1712 1437 1750 1498 ¹9·
1771 1444 1818 1484 20.

175 1499 233 1564 eit,
261 1495 361 1559 lunser„
379 1495 514 1552 vinnium
531 1494 618 1548 seete.
646 1510 733 1564 quest.
751 1491 797 1550 tib,
820 1507 917 1563 t..cap.
935 1491 978 1565 45
1009 1494 1133 1556 Peresius
1159 1493 1220 1552 coit.
1247 1497 1274 1554 b.
1293 1516 1312 1556 t.
1331 1519 1377 1558 nu.
1403 1499 1451 1556 ult.
1481 1495 1600 1571 Respon.
1620 1498 1712 1556 turios.
1740 1493 1819 1554 Holl.

212 1559 254 1634 ι4
274 1561 350 1638 Quia
369 1579 434 1624 vero
443 1558 570 1638 pluribus
588 1561 618 1618 in
635 1561 740 1620 casibus
749 1561 867 1622 dubitari
884 1573 979 1635 posset,
1007 1581 1075 1637 past.
1095 1566 1120 1623 5.
1139 1567 1228 1623 consil.
1249 1565 1291 1624 25.
1308 1573 1337 1625 in
1355 1567 1543 1628 intendissent.
1561 1565 1663 1629 Mattb.
1681 1569 1715 1626 de
1732 1563 1819 1625 Allit-

175 1647 266 1692 unum
284 1647 383 1693 natura
402 1633 480 1700 butus
499 1629 623 1691 selillius
631 1631 979 1708 debiticompensationem
1009 1634 1059 1694 biis
1076 1636 1130 1692 dec.
1149 1633 1208 1692 331.
1228 1635 1324 1708 Neque
1351 1637 1392 1696 his
1410 1643 1579 1699 contrarium
1605 1652 1663 1709 est,
1680 1635 1753 1715 quod
1770 1637 1818 1694 de-

172 1707 301 1777 patiatur,
321 1722 370 1764 nec
387 1722 441 1773 net
460 1719 545 1772 apae
562 1703 739 1772 pretiumerit
759 1711 898 1774 precipuas
917 1715 979 1775 pau*
1006 1706 1080 1782 *disse
1097 1721 1144 1764 aut
1167 1703 1276 1763 solvisse
1305 1726 1362 1764 rron
1379 1711 1502 1768 videatur
1547 1714 1592 1779 qui
1611 1704 1822 1776 acceptilatione

172 1777 216 1832 cis
231 1781 365 1849 attingere
383 1771 671 1846 nuommspoeteam
689 1775 733 1852 qul
772 1777 979 1850 seaadmitteu·
1010 1773 1160 1847 liberatur,
1178 1775 1196 1831 Ι.
1215 1777 1337 1834 Julianus
1354 1781 1406 1835 ait.
1424 1777 1469 1848 45.
1523 1779 1581 1836 ,Ιι
1598 1777 1693 1836 condit.
1721 1775 1755 1840 θ
1771 1775 1820 1832 ds·

172 1845 208 1904 da
225 1846 341 1917 videtur,
359 1841 401 1908 his
417 1843 482 1903 dein
501 1842 561 1900 illas
579 1841 747 1914 subnemre,
766 1845 794 1912 ln
814 1843 909 1914 quibus
925 1862 979 1902 ces-
1011 1855 1116 1903 memte.
1135 1846 1153 1901 Ι.
1171 1845 1288 1902 solutam
1305 1843 1453 1920 A9a'nfine'
1480 1846 1719 1917 ,desolationem
1736 1846 1818 1904 adeo·

172 1929 225 1973 sat.
242 1916 302 1974 lure
319 1933 384 1988 ergo
401 1919 680 1982 compensatutetiam
696 1913 773 1985 illud,
792 1915 861 1982 quod
879 1911 933 1970 alio
949 1917 978 1969 in
1009 1933 1060 1984 que
1078 1935 1130 1974 nec
1145 1916 1190 1986 qui
1208 1919 1457 1992 compensationem
1494 1917 1640 1990 raticupit,
1658 1917 1723 1974 dutn
1739 1925 1814 1972 com·

173 1983 236 2044 lbco
262 1980 315 2054 pm
330 1997 446 2052 mptum
473 1984 546 2050 petit
574 2001 608 2040 ne
624 1981 743 2052 alioquin
771 1983 910 2055 vigilando
926 1981 979 2040 sibi
1010 1987 1131 2052 pensatio
1149 2001 1204 2060 non
1223 1987 1323 2059 rninus,
1341 1993 1420 2058 qua'm
1439 1989 1631 2058 acceptilatio,
1648 2005 1663 2043 a
1681 1983 1819 2044 solutione

173 2052 301 2126 litemque
310 2053 684 2116 contestandoconditionem
694 2069 769 2112 nram
782 2049 856 2111 seor
873 2053 979 2112 videre·
1011 2056 1117 2122 diversa
1144 2069 1193 2116 est.
1212 2051 1323 2124 Etenim
1342 2059 1370 2114 in
1390 2059 1417 2117 d.
1436 2059 1453 2114 i.
1472 2057 1515 2130 45.
1544 2059 1633 2132 agitur
1650 2056 1684 2114 de
1701 2073 1753 2125 eo,
1771 2057 1818 2124 qui

172 2121 219 2182 tut
234 2122 383 2183 reddidisse
399 2123 887 2194 deteriorem,‚l.incompensationem
903 2120 928 2180 8.
940 2117 978 2195 ff
1010 2127 1044 2183 ad
1061 2125 1200 2182 clationem
1217 2140 1265 2186 aut
1282 2125 1444 2186 solutionem
1463 2145 1495 2186 ert
1513 2127 1695 2186 conventione
1712 2121 1756 2184 vel
1774 2143 1817 2182 te·

172 2191 199 2250 b.
226 2209 247 2250 t.
266 2191 282 2248 l.
302 2193 433 2249 noneolas
451 2189 494 2250 86.
505 2191 541 2262 ff.
568 2191 631 2250 dtr
662 2195 763 2264 ,juris
785 2190 834 2270 Uti
860 2196 887 2252 dt
906 2205 980 2249 certo
1010 2207 1145 2254 stamento
1162 2195 1249 2256 aliave
1267 2215 1346 2257 causa
1363 2195 1498 2272 obligatus
1514 2211 1583 2271 erat,
1600 2196 1646 2254 sed
1664 2195 1698 2252 de
1715 2212 1758 2266 eo,
1773 2196 1819 2252 cui

171 2263 234 2319 loco
249 2261 382 2333 ddsimm,
400 2279 461 2319 cum
478 2279 521 2330 eo,
539 2263 611 2334 quod
646 2263 740 2322 ebetur
759 2261 890 2330 sineloci
907 2260 979 2332 ade·
1012 2263 1129 2338 legatum
1146 2279 1203 2326 erat
1221 2263 1271 2324 sub
1289 2269 1457 2340 conditione,
1477 2272 1499 2325 si
1516 2265 1605 2326 benedi
1623 2263 1744 2322 dederit:
1762 2281 1819 2333 qtae

171 2330 274 2402 aisne,
290 2333 314 2390 si
333 2331 413 2412 modp
434 2330 564 2390 habeatur
580 2331 727 2403 ratioejus,
743 2333 839 2402 quanti
859 2335 980 2402 interest,
1012 2343 1033 2392 si
1053 2335 1117 2394 dare
1136 2336 1225 2407 nolit,
1244 2342 1346 2396 invitus
1372 2337 1496 2408 compelli
1516 2343 1627 2410 nequit,
1645 2333 1693 2392 sed
1710 2343 1822 2394 tantum

173 2401 236 2482 loco
254 2403 343 2474 potius
361 2397 464 2468 urceo
481 2417 561 2470 qttam
577 2400 645 2460 alibi
663 2402 743 2472 solvi,
753 2399 770 2458 Ι.
811 2407 919 2462 cuniam
941 2403 979 2460 15.
1012 2406 1102 2479 legato
1118 2420 1202 2478 caret,
1219 2411 1292 2479 quasi
1310 2405 1452 2468 deficiente
1470 2408 1549 2478 legati
1567 2405 1746 2466 conditione.
1764 2401 1817 2460 ce·

165 2469 206 2546 ff·
223 2472 249 2530 b.
267 2489 288 2528 t.
308 2470 408 2530 Adhuc
425 2468 733 2532 debitumexsententia
753 2471 770 2530 li
790 2476 918 2530 uciariam
934 2493 980 2534 seu
1010 2489 1108 2547 terum,
1124 2481 1186 2547 quia
1212 2482 1241 2534 in
1263 2477 1464 2536 conditionibus
1483 2484 1597 2548 primum
1614 2475 1702 2534 locun
1721 2471 1820 2530 volua-

171 2541 386 2614 provisionalem
403 2535 455 2610 (ut
473 2538 632 2622 appellant)
647 2542 809 2600 solutionem
838 2539 981 2614 injungere·
1011 2560 1055 2604 tas
1069 2541 1189 2605 defunbii
1198 2544 1314 2617 obtinet,
1333 2566 1427 2619 easque
1445 2548 1523 2631 regit,
1541 2547 1559 2604 Ι.
1579 2550 1608 2604 in
1626 2541 1815 2614 conditionibus

174 2623 214 2681 te,
233 2629 297 2668 cum
314 2629 367 2681 eo,
384 2609 455 2680 quod
472 2627 507 2668 ert
523 2609 818 2683 dennitivedebetur‚
835 2614 981 2674 dummodo
1003 2611 1092 2691 Μ
1108 2607 1206 2672 condit?
1222 2615 1256 2678 tp
1273 2614 1444 2675 demonstror.
1463 2616 1527 2674 hmc
1544 2611 1665 2687 placuit,
1682 2611 1821 2672 consistio-
1883 2660 1892 2672 .

176 2685 270 2738 cautio
284 2682 472 2750 interponatur
486 2679 520 2738 de
535 2679 685 2750 solvendo,
702 2684 726 2736 si
743 2679 884 2739 solutionis
914 2681 980 2741 bdu·
1011 2703 1072 2755 nes,
1091 2685 1193 2744 ultimis
1210 2691 1341 2756 appositas
1359 2685 1567 2758 voluntatibus,
1586 2685 1707 2754 specifice
1725 2689 1763 2738 ita
1780 2693 1812 2737 ut

166 2750 261 2811 tiaris
277 2751 416 2812 decretum
434 2761 525 2819 postes
549 2767 594 2818 per
611 2749 780 2810 definitivam
805 2750 979 2810 tetrastemo-
1011 2771 1144 2826 conceptae
1160 2767 1224 2812 sunt
1233 2795 1242 2824 ,
1261 2749 1408 2824 implendas
1425 2775 1493 2826 esse,
1511 2774 1567 2812 non
1587 2767 1651 2813 veto
1668 2772 1712 2822 per
1730 2752 1814 2822 equi-

171 2819 337 2880 Charondae
355 2831 466 2892 respons
496 2815 540 2874 lib.
565 2837 606 2876 tt.
626 2837 688 2889 serp.
714 2817 758 2877 85.
778 2825 807 2880 in
819 2820 893 2896 fies,
912 2823 979 2879 Ant.
1012 2824 1115 2894 valens,
1135 2827 1217 2896 rusque
1234 2825 1311 2910 adeo,
1329 2837 1359 2880 ut
1377 2845 1425 2884 nec
1440 2842 1517 2882 servo
1533 2823 1602 2881 solvi
1623 2835 1722 2895 posset,
1739 2820 1814 2890 quod

171 2887 264 2950 Faber
283 2889 311 2946 C.
329 2887 348 2944 Ι.
367 2885 395 2955 4.
412 2891 454 2945 tit.
474 2885 688 2961 addeturque.
700 2889 771 2946 med.
790 2911 817 2946 n.
840 2907 879 2946 ra.
897 2889 980 2948 Chri·
1012 2906 1123 2952 testator
1142 2911 1186 2963 per
1203 2893 1371 2950 conditionis
1388 2893 1748 2955 modumvolueritdomino
1763 2887 1817 2946 sol-

170 2959 282 3016 adaeus
300 2956 341 3011 ad
353 2957 416 3030 Lag.
433 2955 553 3041 Morbis.
571 2963 615 3015 tit.
637 2979 659 3016 1.
678 2977 730 3018 ast.
750 2958 792 3028 24.
812 2961 842 3016 in
859 2964 926 3018 notis
944 2959 985 3016 ad
1012 2967 1050 3032 vi,
1067 2968 1095 3024 &
1113 2957 1172 3022 vice
1189 2979 1272 3033 versa,
1290 2964 1307 3019 Ι.
1326 2967 1371 3034 qui
1379 2964 1466 3021 benedi
1483 2963 1527 3034 44.
1545 2980 1585 3034 pr.
1605 2965 1639 3028 Θ
1656 2957 1681 3038 5.
1702 2953 1819 3088 2234.θῖ

170 3049 201 3086 n.
223 3023 262 3082 13.
282 3024 414 3084 Praeterea
431 3042 555 3095 impensa
574 3027 649 3100 litis,
668 3031 697 3084 in
715 3032 856 3097 quosquis
874 3035 928 3086 sive
945 3032 981 3088 ob
1012 3034 1046 3090 de
1060 3033 1153 3091 condit.
1173 3030 1393 3094 &daemoniosae
1413 3049 1490 3104 prout
1509 3036 1535 3094 id
1552 3036 1635 3092 etiam
1654 3032 1724 3092 tradi
1745 3047 1755 3084 t
1775 3029 1819 3084 in·

171 3099 250 3154 litem
268 3107 369 3152 temere
387 3105 504 3166 motam,
521 3097 579 3153 sive
596 3097 633 3155 ob
650 3098 838 3158 detentionem
865 3117 980 3169 persona
1013 3101 1054 3161 fta
1080 3124 1156 3161 num.
1178 3099 1219 3158 16.
1233 3117 1289 3176 post
1316 3104 1384 3160 med.
1412 3109 1440 3166 δι
1458 3107 1500 3162 tir.
1528 3103 1561 3160 de
1578 3103 1674 3162 condit.
1699 3100 1822 3158 insibus.

170 3164 220 3224 vel
237 3180 325 3222 rerum
341 3158 626 3246 calpmniosefactam,
641 3169 697 3226 sive
715 3167 751 3224 ob
767 3169 932 3228 retardatam
949 3188 981 3228 ert
1012 3194 1086 3238 noro.
1104 3172 1146 3229 25.
1167 3167 1230 3230 Hac
1249 3174 1364 3246 monis
1381 3174 1582 3232 conditionibus
1600 3173 1725 3241 definita,
1742 3187 1823 3227 uento

173 3233 263 3292 libelli
291 3245 444 3292 mutatione
468 3232 544 3292 litem
560 3250 607 3296 aut
625 3237 725 3295 similes
753 3237 820 3295 alias
836 3237 872 3296 ob
889 3257 981 3297 causas
1011 3243 1110 3302 dixerit
1127 3241 1163 3299 ad
1179 3238 1362 3312 obligationes
1386 3244 1503 3300 retinendi
1517 3242 1658 3302 transferri
1676 3251 1822 3310 oporteres

171 3303 374 3361 condemnatus
388 3315 447 3371 est,
464 3321 525 3361 cunr
551 3323 603 3377 eo,
621 3309 690 3377 quod
710 3308 758 3375 ipsi
777 3305 833 3364 alia
850 3315 883 3367 'ex
901 3327 981 3366 causa
1012 3331 1073 3370 ctun
1091 3316 1257 3370 contrarium
1275 3325 1399 3382 appareat
1416 3331 1449 3370 ea
1467 3313 1634 3370 solutionum
1651 3315 1775 3381 materia,
1793 3311 1823 3370 bt

172 3372 278 3442 liquida
296 3369 438 3441 debitum,
455 3374 576 3458 eoquod
593 3377 628 3434 ad
647 3395 781 3434 summum
800 3375 839 3436 hu
859 3379 913 3441 litis
930 3383 981 3433 im·
1014 3383 1143 3506 precipue
1161 3381 1187 3436 d.
1206 3380 1224 3436 Ι.
1243 3379 1287 3454 49.
1298 3381 1336 3452 ffi
1354 3386 1388 3442 de
1405 3381 1595 3451 solutionibus,
1613 3387 1642 3438 in
1661 3378 1735 3446 cuitus
1754 3377 1817 3452 legis

172 3461 267 3526 pense
281 3441 482 3499 consideranda
501 3457 564 3500 sunt
583 3444 657 3504 velut
667 3453 749 3516 poena'
762 3449 882 3516 quadam
898 3462 982 3506 temes
1015 3471 1066 3509 ,ηε
1083 3469 1144 3509 cum
1162 3451 1271 3520 dicitur,
1281 3453 1317 3510 ad
1334 3451 1370 3522 id,
1388 3453 1459 3521 quod
1477 3465 1587 3520 accepto
1607 3450 1692 3508 latum
1709 3463 1759 3518 est,
1779 3465 1823 3505 se

172 3529 206 3570 re
223 3511 394 3580 littgantiunt
413 3527 446 3567 ex
465 3513 580 3579 quodam
596 3515 807 3586 delictodebita,
827 3515 902 3588 cultas
920 3537 981 3589 pro·
1014 3521 1126 3578 lationis
1145 3520 1258 3576 verbum
1276 3535 1330 3577 non
1350 3527 1494 3593 pertinere,
1510 3525 1555 3582 sed
1573 3519 1757 3580 satisdationis
1774 3517 1819 3574 vei

173 3581 219 3638 cul
236 3581 321 3662 dubio
337 3585 520 3650 compensatio
537 3597 585 3650 est,
595 3587 613 3642 Ι.
624 3587 649 3642 si
666 3585 744 3642 arnbo
764 3604 803 3644 ro.
821 3581 847 3662 5.
883 3591 982 3646 uetiam
1014 3589 1216 3660 satisfactionis,
1233 3589 1334 3648 solutio
1352 3594 1381 3646 in
1400 3610 1481 3648 sensu
1498 3593 1669 3648 strictissimo
1687 3587 1825 3656 accipitur

118 3729 125 3734 ·
172 3668 203 3708 a.
245 3649 296 3706 .b.
323 3649 420 3734 aleb.
441 3647 658 3735 tepentium.
685 3653 842 3714 mam
867 3609 982 3737 bant.
1015 3679 1063 3730 pro
1081 3660 1201 3716 naturali
1228 3665 1397 3730 prestatione
1414 3658 1468 3730 eius
1485 3660 1557 3728 quod
1575 3660 1705 3726 debetm,
1732 3655 1774 3714 uti
1793 3657 1821 3714 id

173 3717 217 3780 Fa
254 3717 407 3776 rCod.t1b.
428 3732 515 3790 pru.
538 3720 921 3800 deturpationem
939 3726 983 3782 ds·
1015 3741 1088 3801 patet
1105 3747 1138 3787 ex
1174 3731 1248 3786 timis
1266 3729 1382 3788 verbisi
1409 3733 1457 3803 is,
1485 3725 1818 3799 &exprimatque

172 3784 299 3873 fimfor.
317 3805 388 3860 part.
419 3807 441 3846 r.
459 3795 561 3873 constit.
580 3787 623 3850 31.
643 3793 719 3868 defin
750 3808 791 3870 19
810 3793 863 3854 Illa
881 3813 984 3868 quoque
1016 3795 1084 3856 mod.
1114 3750 1173 3854 told
1188 3797 1326 3874 obligatio,
1344 3801 1430 3872 queis
1455 3804 1590 3869 praestatio
1609 3795 1741 3863 naturalis
1759 3811 1822 3852 cum

175 3857 287 3929 debita,
303 3873 360 3926 que
378 3872 541 3929 temporaria
558 3877 644 3934 sunt,
660 3871 734 3924 intra
760 3879 863 3925 certum
880 3881 984 3935 tempus
1017 3887 1072 3926 non
1090 3869 1125 3924 sit
1144 3871 1172 3924 in
1192 3868 1414 3938 acceptilatione,
1433 3871 1528 3939 quippe
1545 3887 1603 3940 que
1624 3878 1736 3924 tantum
1753 3868 1823 3924 ima-

158 3927 475 4012 .secundum·leges'aut
493 3936 698 3994 consuetudines
715 3937 848 4007 exigema
863 3937 913 3992 sub
931 3955 985 4006 pos-
1016 3937 1237 4009 ginariasolutio
1253 3953 1302 4010 est,
1320 3938 1538 3998 rettedicebatur
1555 3940 1689 3994 relictionis
1707 3935 1821 3996 verbum
1888 3986 1891 3991 r

175 4012 214 4081 na
232 4002 455 4067 plxoertpthlilSs
473 4016 535 4082 qum
552 4001 610 4061 alio
626 4003 721 4064 debito
748 4020 902 4076 perpetuam
920 4024 985 4062 exa·
1016 4006 1051 4065 ad
1067 3997 1300 4078 acceptilationem
1320 4007 1391 4066 haud
1409 4010 1552 4079 pertinere.
1576 4005 1639 4094 Qua
1659 4007 1765 4064 ratione
1780 4023 1822 4066 et-

175 4063 297 4124 ffl‘ineffl
315 4066 446 4137 hibentes
463 4086 487 4124 δ’
504 4067 585 4130 modo
603 4077 713 4143 coperit
731 4078 866 4148 utrimque
883 4073 985 4145 deberi,
1017 4081 1070 4132 iam
1099 4076 1135 4132 ab
1153 4075 1271 4146 Ulpiano
1288 4085 1438 4150 scriptum,
1455 4079 1684 4148 acceptilationsm
1701 4077 1826 4134 solutioni

175 4148 323 4211 antequam
339 4135 441 4220 lapsum
456 4152 523 4196 esset
544 4143 661 4210 spatium
680 4143 749 4202 illud
767 4149 853 4217 anni,
872 4143 986 4214 biennii,
1016 4149 1180 4217 comparari,
1198 4148 1214 4203 l.
1233 4152 1284 4202 ion
1302 4149 1386 4206 solum
1405 4161 1432 4218 7.
1448 4143 1474 4222 5
1494 4151 1519 4203 si
1536 4153 1558 4205 is
1581 4167 1603 4203 r.
1623 4144 1653 4218 ps.
1672 4146 1705 4202 de
1722 4145 1822 4204 libera·

174 4221 368 4290 atatemporrs
386 4204 497 4264 alterius
515 4208 656 4299 brevioris,
672 4232 726 4286 quo
744 4213 899 4290 temporalis
915 4213 985 4270 obli·
1016 4220 1086 4286 tione
1104 4216 1198 4289 legata.
1225 4213 1301 4288 Quin
1332 4221 1360 4278 bt
1379 4217 1498 4276 debiturn
1517 4215 1669 4288 hypotheca
1699 4215 1826 4274 itnmobi·

172 4283 295 4348 gationis
311 4295 344 4333 ex
356 4277 412 4348 lege
421 4277 544 4338 velmors
554 4285 716 4354 prescriptio
726 4285 869 4355 impletura
888 4287 984 4342 etiam·
1019 4285 1084 4342 lium
1102 4290 1251 4357 munitum,
1270 4305 1320 4346 nec
1338 4303 1393 4342 non
1417 4289 1506 4356 ipsam
1521 4300 1622 4344 sortem
1648 4291 1735 4344 annui
1754 4289 1829 4346 redi·

173 4347 200 4401 si
216 4353 402 4430 pompeniano
417 4348 526 4406 demum
534 4361 594 4421 post
611 4359 744 4430 temporis
760 4355 832 4410 iilius
849 4355 986 4412 decursum
1013 4369 1062 4412 ¹tus
1079 4361 1256 4426 compensari,
1274 4352 1489 4428 nihilptohibet,
1505 4355 1653 4414 nontmdo
1671 4373 1731 4412 cum
1749 4357 1828 4416 simi·

171 4412 336 4484 ebrietatur:
356 4433 421 4474 cum
436 4431 549 4476 tantum
564 4422 705 4510 allegetur,
723 4440 778 4489 Jam
795 4439 854 4482 tum
871 4444 902 4481 eo
920 4439 987 4481 tem·
1019 4425 1037 4482 li
1054 4424 1157 4498 debito,
1174 4427 1219 4482 sed
1236 4429 1265 4485 dr
1291 4443 1352 4484 cum
1370 4427 1426 4484 alio
1442 4445 1618 4498 quocunque,
1637 4429 1720 4483 etiam
1740 4433 1829 4496 pretio

175 4504 251 4560 pore,
266 4503 322 4572 quq
338 4483 467 4564 debitum·
475 4491 610 4567 utrimque
625 4494 801 4568 consistebat,
818 4493 855 4549 ab
871 4497 927 4563 ipso
946 4493 987 4565 ju·
1019 4501 1108 4552 rerum
1125 4497 1252 4554 minutim
1271 4497 1462 4567 venditarum,
1480 4513 1513 4556 co
1531 4497 1601 4566 quod
1621 4496 1689 4568 leges
1708 4513 1765 4552 non
1782 4498 1829 4554 cii-

176 4575 208 4614 re
230 4553 464 4616 contributionem
489 4577 522 4618 ac
539 4562 725 4638 confiuionem
753 4564 789 4621 ad
808 4571 987 4635 quantitatem
1019 4567 1173 4638 stinguunt:
1191 4569 1215 4622 si
1233 4567 1314 4624 modo
1331 4567 1454 4625 debitum
1462 4566 1689 4642 hypothecariam
1706 4565 1751 4621 vel
1769 4562 1827 4623 fors

175 4639 384 4696 auncurtentem
400 4634 562 4759 contifiisse,
581 4631 754 4691 Parladotius
773 4653 821 4691 rer.
840 4635 986 4706 quotidiam
1019 4637 1104 4692 annui
1122 4637 1223 4694 reditus
1241 4628 1299 4702 ei'us
1316 4641 1351 4694 sit
1359 4637 1536 4708 conditionis,
1553 4649 1583 4692 ut
1601 4636 1683 4706 repeti
1702 4633 1737 4691 ab
1755 4638 1830 4690 invi·

174 4689 455 4780 41525221.
490 4695 572 4757 banc.
592 4700 828 4780 NigerCyriacus
846 4706 864 4760 Ι.
885 4722 910 4760 2.
929 4724 988 4761 con·
1021 4719 1049 4762 to
1066 4705 1186 4764 debitore
1203 4709 1297 4775 possit.
1317 4704 1410 4780 Serus,
1427 4709 1449 4764 si
1468 4709 1594 4778 repetitio
1611 4709 1698 4765 sortis
1709 4705 1830 4778 denega-

172 4781 241 4826 arte.
251 4773 308 4840 ios.
328 4759 389 4842 307.
409 4787 437 4827 n.
455 4785 480 4828 a
503 4765 611 4830 aaran.
628 4791 644 4831 a
663 4770 813 4834 Weselad
829 4775 909 4833 nomi.
928 4795 988 4832 corr-
1020 4788 1048 4832 ta
1065 4779 1112 4847 sit,
1129 4781 1270 4850 vigeatque
1287 4777 1434 4852 pomaria,
1449 4795 1509 4834 esus
1525 4795 1617 4835 sentes
1635 4777 1703 4850 altpt
1721 4791 1832 4835 senten:
