4026 5352
210 189 217 196 ’
280 210 326 282 56
558 153 566 166 .
906 209 1037 272 tur.
1064 207 1178 275 rur.

228 305 412 368 risdifiionetn
430 299 596 377 speflantia,
613 297 667 375 (de
683 294 780 370 qulbus
798 299 824 359 b.
842 304 865 358 r:
876 317 950 358 num.
966 297 1036 372 rap.)
1066 295 1189 372 trabiart,
1206 313 1241 354 ne
1257 295 1426 356 continentia
1444 311 1529 356 caua
1546 289 1793 372 divmarurqptenae
1810 303 1885 366 arbi-

229 381 255 436 d.
273 380 394 438 instsufl.
415 393 467 434 aet.
486 373 512 432 5.
531 371 591 434 Nec
608 385 738 442 tantem,
764 372 788 426 si
812 383 910 444 agatur
925 371 960 428 de
979 367 1036 428 feu·
1066 371 1154 432 uarie
1172 370 1495 440 additacomminatione,
1512 369 1535 423 si
1552 373 1612 442 quis
1629 370 1712 428 alium
1728 393 1806 446 super
1822 399 1884 450 pos·

229 453 326 510 dorum
343 455 524 522 proprietate,
546 446 592 504 sed
618 447 645 503 bt
681 445 756 500 side
774 441 900 499 oneribus
919 444 958 501 rei
977 439 1035 498 feu·
1065 443 1198 511 sessione,
1214 439 1300 499 ulium
1317 459 1397 510 super
1428 440 1515 512 princi
1549 441 1570 494 li
1600 447 1743 510 quastione
1766 446 1884 522 judicem

228 522 284 581 dali
304 523 451 592 itripositis,
468 517 553 576 vetuti
570 518 605 576 de
621 527 694 572 sorte
710 511 803 573 debita
818 555 828 584 ,
846 511 887 570 vel
906 510 1038 570 reditibus
1067 511 1243 582 postulaverit
1271 512 1289 568 1.
1307 513 1376 571 nulli
1396 526 1437 584 19.
1465 511 1494 566 C.
1530 527 1577 567 .t.
1602 513 1657 570 Sed
1683 533 1756 574 nunc
1783 520 1884 591 ubique

228 597 327 650 annuis
344 593 513 662 constitutis,
531 605 579 656 pro
596 584 692 660 quibus
710 580 826 644 fetuialia
844 590 867 652 p'
889 589 949 639 nori
964 581 1036 640 obli·
1067 580 1122 642 fere
1140 582 1268 655 invaluit,
1282 583 1315 640 de
1333 591 1494 652 proprietate
1511 581 1618 650 quidem
1635 587 1765 644 ordinarii
1784 585 1882 657 judicis

162 714 168 728 ‚
248 678 294 720 aea
310 677 395 734 mne,
419 666 503 734 deque
520 657 580 716 aliis
597 656 794 729 quibuscunque
822 652 872 726 juri
949 659 978 710 in
1008 673 1037 712 re
1065 654 1248 726 cognitionem
1265 671 1339 722 esse3
1363 667 1394 710 at
1411 655 1445 711 de
1464 657 1629 721 possessione
1646 657 1674 714 dr
1691 663 1883 720 controversiis

228 681 331 801 feudali
348 749 408 790 corn
443 729 582 796 tentibus3
599 735 683 786 etiam
700 725 874 783 servitvuibus
887 723 1036 796 personali·
1066 726 1239 795 possessoriis,
1256 731 1312 781 sive
1325 741 1482 802 corporum,
1494 723 1550 780 rive
1570 723 1669 798 irritum
1685 731 1713 787 bt
1739 727 1881 790 beneficio-

230 807 280 864 bus
297 800 402 866 ususfru
429 821 458 860 us
475 805 503 862 ὅ(
520 797 671 866 similibusq
689 793 772 870 (cum
789 797 851 855 sole
868 797 1036 866 excipiantur
1067 813 1144 867 rum,
1161 812 1288 867 suprema·
1302 797 1421 868 regionis
1438 811 1563 866 utrmque
1590 795 1737 854 tribunalia
1756 803 1881 878 judicare,

229 877 417 934 controversi-e
435 877 595 930 servitutum
612 869 778 928 urbanarum
803 871 832 927 tir
859 873 1037 940 rusticarum,
1064 865 1180 937 zypsus
1198 870 1273 923 notit.
1296 869 1371 942 juris
1390 866 1485 940 Belgici
1512 864 1557 922 ut.
1576 881 1602 922 2.
1621 867 1653 922 ds
1671 887 1755 926 causa
1769 887 1873 941 ρωιηι.

231 946 371 1004 ordinario
391 945 470 1012 iudici
489 937 643 1010 reservate)
660 950 786 1010 preterea
803 940 836 996 de
854 936 952 996 finibus
968 937 1036 995 duo-
1067 935 1100 1000 vs
1115 940 1278 1008 proprietatis
1344 935 1437 994 ,mibi
1452 931 1495 994 55.
1514 935 1653 996 Tuldenus
1669 938 1712 995 ad
1724 943 1767 998 rit.
1786 942 1814 1000 C.
1837 944 1883 1002 ubi

230 1035 291 1078 rum
326 1017 467 1076 radiorum
485 1011 632 1072 feudalium
648 1009 794 1089 regundis,
820 1010 854 1067 de
877 1003 1037 1080 jurisdifiio-
1067 1008 1099 1064 de
1115 955 1454 1082 offersioni,lfiloenew
1487 1025 1523 1090 eu
1540 1006 1582 1090 qd
1600 1008 1663 1065 adl.
1689 1011 1759 1069 nulli
1786 1029 1827 1070 ιο.
1854 1017 1881 1072 C.

231 1107 280 1156 ne,
298 1037 454 1156 alluvione,
471 1083 637 1158 privilegiis,
656 1079 778 1153 ruribus,
804 1082 939 1150 servitiis,
964 1078 1037 1138 feudi
1068 1079 1092 1136 b.
1112 1097 1131 1135 ι.
1150 1093 1229 1152 atque
1257 1084 1294 1136 ita
1313 1086 1342 1138 in
1364 1077 1463 1136 llollan
1485 1095 1511 1132 ra
1540 1076 1726 1150 delendiaque
1753 1101 1883 1152 suprema

231 1161 343 1216 nomine
361 1155 539 1226 vindicandis,
556 1168 602 1212 aut
621 1151 790 1224 prestandis,
808 1149 834 1205 d.
852 1151 973 1209 insumit.
984 1167 1036 1206 aer.
1068 1150 1153 1209 Curia
1171 1153 1200 1208 id
1218 1153 1319 1226 negmii
1336 1151 1431 1208 datum
1447 1167 1521 1220 esse,
1544 1163 1653 1221 apparet
1672 1171 1706 1210 er
1723 1153 1882 1214 instrublio·

231 1225 258 1284 3.
277 1235 315 1286 sic
333 1243 361 1285 ut
380 1231 409 1287 δι
426 1228 556 1297 emptores
575 1221 714 1298 feudorum
731 1239 763 1278 ac
779 1221 921 1282 similesde
937 1241 966 1278 re
979 1218 1037 1304 feu·
1069 1241 1103 1279 ne
1119 1221 1207 1280 Curie
1224 1240 1350 1292 suprema
1368 1238 1421 1278 arr.
1439 1231 1486 1348 ἲ.
1502 1225 1529 1277 br
1549 1221 1634 1278 nadre
1648 1225 1786 1291 pavistis.
1804 1245 1882 1284 acco·

230 1298 288 1361 duli
306 1298 381 1357 litem
399 1300 530 1368 patientes
548 1313 607 1354 suos
624 1298 726 1364 possint
745 1294 779 1350 ad
798 1297 913 1351 eandem
935 1305 1038 1351 wtam
1067 1291 1116 1350 ord
1131 1290 1382 1351 rusrcbenlfolland
1396 1311 1428 1347 on
1465 1289 1563 1346 irland
1581 1309 1620 1348 ιι.
1637 1296 1712 1350 »unii
1733 1293 1808 1368 1674
1826 1314 1881 1354 an.

233 1367 365 1430 feudalem
383 1365 502 1427 auflores
519 1383 651 1438 evocare,
668 1379 699 1422 ut
717 1362 761 1418 liti
779 1369 921 1434 assistant,
939 1379 971 1417 ac
990 1378 1037 1419 va·
1073 1382 1113 1421 ιι.
1131 1363 1181 1420 ool.
1209 1359 1235 1418 5.
1250 1379 1309 1438 pag.
1336 1357 1398 1436 695.
1418 1365 1458 1420 uti
1485 1361 1574 1420 Curia
1592 1363 1753 1432 provinciali
1782 1365 1883 1442 idjam

231 1441 292 1499 salli
309 1456 385 1498 extra
405 1437 581 1496 Hollandiam
598 1447 815 1505 commorantes,
832 1435 971 1492 mediante
980 1430 1038 1490 feu·
1067 1434 1133 1491 olim
1150 1445 1209 1492 erat
1227 1451 1391 1506 concessum,
1409 1447 1473 1492 ante
1486 1449 1613 1500 supreme
1631 1439 1712 1491 curia
1729 1437 1882 1496 instimtio·

232 1514 453 1582 dorumsuorutn
473 1505 698 1566 Hollandicorum
715 1517 836 1576 arresto,
866 1501 966 1574 ediflis
980 1503 1037 1574 jure
1069 1523 1150 1576 nem,
1167 1505 1240 1561 circa
1268 1503 1461 1564 beneficiorum
1485 1499 1678 1586 feudorumque
1695 1511 1883 1582 possessiones,

232 1596 379 1643 evocentur
397 1583 431 1639 ad
453 1580 527 1638 litem
545 1577 675 1638 feudalem
692 1578 786 1635 eadem
804 1576 834 1631 in
860 1577 936 1634 curia
963 1577 1037 1633 exci·
1069 1575 1196 1634 lustrali.
1216 1577 1276 1634 Cur.
1294 1576 1365 1633 Hali.
1384 1594 1436 1633 avr.
1453 1574 1479 1630 li.
1499 1587 1543 1644 09·
1562 1575 1596 1637 (5
1613 1595 1679 1648 seqq.
1698 1575 1732 1639 bi
1753 1589 1810 1651 172.
1830 1597 1883 1639 nec

233 1653 381 1723 piendam,
400 1649 425 1706 d,
444 1651 563 1708 initiali.
581 1666 635 1706 art.
653 1647 679 1706 8.
698 1647 731 1711 (p
750 1659 775 1718 9.
1069 1667 1114 1716 per
1132 1652 1158 1702 d.
1176 1651 1255 1705 artic.
1279 1660 1318 1721 19.
1338 1645 1463 1705 ἱιιιιιιιὲὶ.
1478 1661 1603 1713 suprema
1621 1651 1700 1704 curie
1719 1649 1846 1719 ademptu

271 1719 328 1781 153.
351 1721 381 1780 Si
400 1735 491 1780 tamen
518 1721 551 1780 de
576 1720 695 1790 debitis,
720 1714 871 1786 seditiose,
897 1715 1037 1776 servituti·
1068 1731 1099 1776 ut
1117 1729 1193 1787 patet
1210 1736 1243 1776 ex
1268 1737 1385 1789 respons.
1404 1717 1545 1778 Jurewns.
1565 1715 1639 1774 Hori.
1656 1733 1726 1785 rori·
1745 1718 1772 1789 1
1790 1725 1882 1778 consi.

232 1791 282 1852 bu,
300 1792 487 1864 padulibus,
512 1791 624 1863 aliisque
648 1790 770 1862 operibus
797 1790 896 1857 partim
923 1785 1038 1844 allodia·
1073 1787 1128 1846 181.
1153 1789 1209 1846 rtis.
1220 1787 1254 1850 (5
1271 1787 1309 1846 ibi
1324 1786 1442 1864 addictio
1453 1788 1536 1845 carie
1552 1789 1719 1857 provincsblis
1738 1796 1883 1868 sententia,

231 1867 269 1936 li,
295 1868 394 1934 purtim
420 1861 520 1924 feudali
546 1868 585 1919 rei
610 1864 759 1934 impositis,
785 1873 832 1915 aut
857 1859 1038 1927 constitutis,
1068 1864 1096 1919 ur
1115 1875 1171 1918 vost
1188 1859 1304 1929 Alpheus
1333 1862 1462 1933 Fapegaey
1480 1862 1522 1913 tit.
1555 1856 1594 1915 16.
1609 1872 1667 1934 pag.
1686 1860 1755 1917 mibi
1776 1859 1835 1920 152.
1854 1867 1884 1921 in

234 1937 266 1994 lis
285 1938 448 1994 instituenda
467 1940 502 1990 sit
518 1975 526 2003 ,
553 1936 583 1990 in
601 1933 700 1993 afloris
723 1932 836 1989 arbitrio
860 1942 922 2001 est,
948 1941 1039 2007 utrum
1069 1930 1138 1986 med.
1152 1927 1294 2000 Ultrajefli
1306 1932 1377 1989 idem
1395 1929 1541 1999 observari,
1550 1929 1629 1986 docet
1640 1929 1784 1989 instrufiio
1792 1932 1883 1992 Curio

122 2004 125 2016 “
232 2023 293 2066 enm
310 2009 379 2078 tpud
396 2007 579 2076 ordinarium,
606 2021 643 2062 an
660 2005 730 2074 apud
751 1999 879 2061 feudalem
897 2000 978 2056 malit
998 2015 1038 2068 ju·
1070 1997 1210 2072 Ultrajefi.
1228 2003 1273 2057 tir.
1297 2018 1319 2057 ι.
1339 2015 1392 2057 art.
1416 2014 1455 2074 ιι).
1466 2001 1570 2082 etiamsi
1589 2001 1624 2058 de
1633 2003 1797 2079 proprietate
1814 2021 1882 2074 qua-

232 2079 320 2135 dicetn
356 2095 490 2142 morere5
526 2078 564 2132 sic
591 2085 620 2132 ut
657 2077 685 2134 se
713 2071 874 2144 plenissima,
899 2071 1038 2148 sententie
1068 2075 1122 2130 stio
1140 2068 1268 2130 mortuas
1286 2083 1356 2129 esset
1373 2070 1506 2127 ordinarii
1526 2071 1619 2140 judicis
1638 2069 1834 2147 turisdiffloni,
1851 2078 1882 2136 dr

233 2147 291 2205 late
310 2155 434 2206 executio
461 2151 487 2202 ei
513 2158 578 2204 tunc
609 2145 789 2216 permittenda
815 2143 871 2213 sit,
897 2147 943 2213 qui
969 2141 1038 2209 judi·
1068 2149 1146 2202 certis
1164 2155 1271 2200 tentum
1289 2138 1420 2216 judicibus
1445 2141 1616 2198 demandata.
1634 2137 1698 2215 Qua
1715 2149 1881 2219 ratione,sl

232 2221 333 2290 cavit,
369 2220 516 2289 promiscue
542 2219 572 2273 in
607 2235 648 2273 res
683 2215 822 2276 allodiales
853 2230 884 2268 ac
921 2209 1039 2270 feudales
1068 2218 1102 2273 de
1120 2211 1192 2272 feudi
1221 2218 1384 2282 possessione
1401 2216 1542 2268 contentio
1559 2214 1613 2284 sit,
1640 2231 1696 2270 non
1714 2215 1785 2284 apud
1801 2218 1883 2275 curin

232 2288 392 2372 dirigenda,
419 2289 444 2343 A.
473 2287 593 2346 instrati.
621 2288 697 2343 artic.
725 2284 752 2353 4.
779 2283 819 2344 lit
844 2285 966 2410 quamvis
988 2301 1038 2340 no
1069 2304 1144 2354 pares
1164 2287 1194 2341 in
1207 2279 1306 2364 judicio
1324 2279 1436 2354 feudali,
1447 2284 1494 2340 sed
1512 2283 1582 2352 apud
1600 2285 1802 2358 privilegiatum
1820 2305 1881 2357 pos-

232 2361 340 2416 vissrme
358 2361 535 2418 constitutum
561 2375 650 2416 rursus
677 2353 777 2430 fuerit,
806 2353 851 2414 Ho
864 2354 959 2411 lindie
986 2353 1038 2412 Ze-
1068 2358 1192 2414 sessioms
1210 2355 1325 2428 judicem
1334 2373 1366 2414 ea
1383 2355 1514 2425 agitanda
1531 2367 1582 2422 est,
1603 2353 1756 2413 llosenthal
1773 2356 1805 2412 de
1815 2355 1882 2432 few

234 2427 383 2500 lsndieque
417 2433 519 2488 curiam
555 2427 776 2500 provincialem,
811 2447 843 2484 ac
879 2425 1038 2494 appellatio-
1068 2426 1110 2484 dir
1126 2443 1183 2497 cap.
1216 2444 1255 2484 ι2.
1274 2426 1385 2485 conclus.
1419 2442 1456 2482 ι2.
1477 2447 1550 2484 narn.
1570 2421 1611 2495 54.
1641 2425 1675 2490 ut
1702 2428 1794 2485 multis
1812 2449 1879 2502 seq.

233 2507 310 2559 tione
327 2505 486 2572 interposita
503 2501 586 2558 etiam
609 2521 641 2558 su
660 2517 759 2560 remam
777 2499 899 2569 curiam,
917 2497 950 2556 de
970 2491 1038 2553 Hol-
1070 2497 1195 2556 Sixtinus
1218 2497 1283 2555 des
1313 2497 1400 2556 atibus
1427 2495 1470 2553 lib.
1494 2515 1516 2553 ι.
1544 2517 1602 2552 cu.
1629 2494 1654 2554 8.
1682 2519 1757 2555 num.
1775 2513 1820 2572 27.
1847 2449 1881 2562 dr

81 2601 85 2612 =
112 2589 128 2622 r.
232 2570 329 2630 landis
348 2571 534 2644 Zelandieque
549 2519 711 2629 ‘feudalibus
739 2587 900 2644 cognoscere
926 2579 1037 2624 contro·
1069 2591 1135 2642 seqq.
1154 2570 1193 2626 ad
1207 2589 1282 2626 num.
1339 2564 1490 2636 ,Vulteius
1516 2514 1652 2697 &dludi
1671 2569 1714 2626 lib.
1734 2587 1759 2626 2
1778 2586 1835 2640 cap.
1854 2587 1881 2627 2.

230 2640 1038 2787 itititiiiiiiiiiii?iiiitiiitbritii
1068 2636 1884 2782 tti'zuliidrlitldri.difinitio!

229 2785 354 2842 dationes
372 2787 538 2860 cognitione,
575 2784 640 2840 ades
658 2779 962 2842 ProuisioneelAccoord.
981 2797 1037 2837 tus·
1069 2781 1180 2841 landice
1208 2797 1232 2853 7.
1251 2784 1353 2854 Aprilis
1385 2779 1461 2839 ι66ι.
1480 2797 1532 2839 arr.
1556 2799 1580 2837 a.
1598 2788 1727 2852 scriptum
1753 2785 1880 2839 invenia-

205 2909 208 2916 ,
231 2855 308 2913 seben
325 2855 447 2914 lfolland
457 2878 489 2914 en
507 2853 717 2928 Zeilandanvo
739 2853 814 2926 1674.
838 2871 879 2910 ιι.
897 2851 969 2910 laonii
985 2869 1037 2908 air.
1068 2866 1121 2924 tur,
1141 2851 1274 2911 feudalem
1291 2857 1395 2912 curiam
1404 2869 1465 2910 curn
1482 2851 1596 2912 aliorum
1613 2851 1730 2924 judicum
1747 2852 1878 2912 exclusio-

232 2943 274 2984 ι2.
293 2944 325 2984 eo
348 2923 403 2986 fere
421 2929 516 2999 modo,
533 2939 587 3000 quo
608 2923 658 2982 'am
674 2923 741 2982 olim
767 2927 855 2985 Curiae
876 2921 1039 2982 Provinciali
1069 2943 1102 2981 ne
1120 2921 1276 2980 habituram
1293 2927 1457 2984 decisionem
1466 2941 1607 2983 causarum
1626 2923 1771 2986 feudalium
1789 2928 1818 2981 in
1834 2940 1879 2995 pr-

229 2993 414 3062 Ultraieflinae
431 2997 464 3056 de
483 2994 567 3056 feudis
588 2943 773 3078 [lltrajeftinis
781 2995 911 3068 judicium
927 3001 1038 3078 permis·
1068 2997 1174 3062 risorio,
1200 3001 1243 3052 cui
1258 3011 1423 3077 consequens
1449 3008 1508 3067 est,
1525 3010 1556 3054 ur
1576 2998 1606 3052 in
1624 3000 1784 3066 possessorio
1801 3000 1879 3056 curie
1947 2994 1956 3004 '

227 3085 288 3125 sum
308 3065 403 3140 fuerat,
421 3069 542 3130 instrati.
559 3067 642 3124 Curia
661 3068 736 3125 Ultra
748 3067 799 3124 eli.
816 3070 859 3124 tit.
881 3086 902 3124 ι.
921 3084 973 3122 art.
994 3077 1037 3120 25.
1068 3063 1239 3138 provincialis
1258 3063 1403 3135 Jurrsdrtiro
1413 3070 1523 3138 agnosci
1541 3067 1813 3140 debesqsecundum
1830 3085 1877 3136 po-

228 3140 347 3209 adetque
365 3137 495 3198 hatienus
504 3136 642 3207 peculiaris
659 3137 705 3194 illa
716 3088 948 3198 lfudorumiiuria
967 3133 1038 3194 Hol-
1068 3149 1193 3194 testatem
1207 3137 1297 3195 eidem
1313 3142 1392 3194 curie
1409 3137 1554 3196 secundum
1571 3135 1625 3209 jam
1643 3137 1715 3196 duta
1732 3141 1835 3211 datam,
1851 3140 1880 3197 δι
1897 3177 1900 3184 -

229 3207 339 3265 landica
357 3203 472 3278 iudicare
480 3211 589 3270 desierit
598 3232 611 3276 ,-
628 3223 806 3268 tuumtamen
826 3209 959 3282 insignem
977 3225 1038 3275 pro·
1067 3225 1100 3265 er
1117 3208 1145 3264 d.
1163 3205 1341 3266 instruflione
1367 3210 1446 3264 curie
1466 3204 1578 3266 feudalis
1604 3222 1651 3266 aut
1669 3227 1796 3280 suprema
1824 3227 1879 3268 non

227 3277 357 3338 culdubin
376 3281 492 3351 retinet,
517 3281 574 3353 qua
594 3279 623 3336 in
641 3277 668 3335 d.
686 3281 857 3338 instrufiione
874 3281 941 3335 anni
961 3277 1037 3335 1661.
1067 3279 1205 3348 adempta,
1231 3279 1277 3336 md
1302 3295 1346 3334 ma
1366 3283 1387 3334 is
1403 3283 1485 3334 tacite
1511 3293 1688 3338 reservatam.
1718 3277 1787 3338 lllud
1807 3283 1880 3338 inter

228 3346 304 3407 fuere
330 3347 442 3407 definita
458 3353 531 3409 circa
557 3353 713 3430 questiones
757 3348 901 3421 inquibus
927 3348 1038 3406 dubium
1070 3345 1271 3408 Hollandorum
1289 3367 1320 3408 ac
1339 3296 1550 3429 'frajellensium
1576 3365 1664 3405 mores
1682 3347 1733 3404 lrac
1752 3353 1780 3405 in
1800 3363 1879 3419 parte

226 3417 285 3479 esse
303 3434 399 3493 posset,
418 3441 433 3476 a
452 3423 488 3480 ucl
505 3423 673 3480 ordinarium
687 3391 798 3489 iudicem
817 3415 983 3491 inferiorem,
1001 3437 1036 3474 an
1068 3425 1198 3491 interest,
1217 3419 1288 3489 quod
1308 3417 1467 3488 uitiasset,
1491 3420 1539 3477 lite
1556 3421 1589 3477 de
1618 3425 1781 3487 possessione
1807 3422 1880 3490 apud

227 3497 314 3565 tnagis
330 3495 400 3560 apud
429 3491 563 3565 ettdalem,
580 3489 652 3550 abbio
669 3491 836 3550 instituenda
853 3494 898 3548 sit.
921 3489 959 3546 De
978 3488 1036 3546 feu·
1067 3489 1180 3548 (Ῑιιιίαιιι
1199 3487 1395 3550 Provincialetn
1422 3503 1512 3562 mota,
1530 3495 1613 3547 etiani
1630 3497 1685 3558 ipsa
1709 3491 1881 3560 proprietatis

227 3563 271 3621 dis
289 3554 441 3637 flandrie,
459 3577 591 3637 quatenus
609 3561 657 3620 illa
683 3559 832 3622 Ordinibus
852 3561 937 3634 lielgii
956 3558 1037 3620 foede-
1067 3563 1250 3618 controversia
1268 3561 1368 3622 ibidem
1377 3562 1545 3621 discutienda
1562 3563 1607 3632 sit,
1615 3567 1666 3617 etsi
1683 3559 1804 3631 alioquin
1822 3565 1880 3633 pri-

227 3636 281 3692 rati
317 3646 385 3708 atet,
403 3632 521 3707 jtuiicare
538 3634 682 3692 Senatores
708 3633 796 3692 Curis
815 3631 975 3701 Flandrice,
990 3633 1037 3703 qui
1067 3649 1112 3687 ma
1129 3631 1176 3688 de·
1186 3637 1348 3700 proprietate
1363 3633 1466 3690 decisio
1491 3629 1608 3712 judicum
1626 3629 1787 3690 inferiorum
1803 3647 1881 3704 pose·

227 3654 315 3762 nmul
326 3704 460 3766 flandrie
478 3705 572 3764 vasalli
588 3719 663 3775 sunt,
677 3718 749 3775 patet
766 3722 800 3762 ex
818 3704 918 3776 placito
937 3701 1036 3762 Ordin.
1066 3707 1132 3759 stati
1148 3697 1239 3764 suisset
1266 3705 1464 3773 permittenda,
1480 3706 1505 3763 si
1524 3703 1597 3762 nulla
1624 3704 1796 3774 possessionis
1812 3719 1884 3762 con-

150 3843 156 3850 ,
228 3775 374 3834 General'
390 3799 412 3838 1.
432 3777 535 3835 Martii
567 3777 598 3834 ιδ
617 3793 641 3848 7.
659 3775 700 3834 ad
722 3774 925 3832 elucidationem
946 3775 1039 3844 placiti
1071 3779 1199 3830 troversia
1218 3774 1416 3834 intercessisset.
1436 3777 1509 3835 Cum
1525 3791 1558 3831 ex
1576 3775 1687 3833 adverso
1714 3779 1742 3830 in
1762 3771 1881 3832 Hellan-

228 3843 264 3904 25
281 3842 352 3922 Aug.
376 3846 451 3908 1632.
470 3850 518 3908 vol.
529 3843 554 3904 5.
571 3792 662 3917 pfaco.
680 3839 806 3902 Helland.
823 3862 880 3920 pag.
891 3845 954 3915 607.
975 3843 1037 3902 Plu·
1066 3845 1113 3901 dia
1132 3845 1301 3913 proprietatis
1317 3847 1427 3915 questio
1442 3843 1576 3908 judicibus
1598 3848 1744 3904 ordinariis
1758 3863 1882 3904 reserva-

228 3934 259 3971 ra
282 3917 317 3974 de
343 3917 404 3978 foro
427 3930 598 3992 competente
624 3919 654 3976 in
681 3914 821 3976 feudorum
846 3915 1038 3989 questionibus
1067 3927 1098 3970 ta
1115 3928 1244 3986 maneat,
1269 3921 1376 3972 tametsi
1400 3917 1434 3976 de
1451 3919 1614 3988 possessione
1640 3917 1728 3977 Curia
1755 3933 1880 3996 supreme

230 3987 292 4042 Vide
310 3993 378 4054 at‘tsd
397 3990 536 4050 Sixtintun
554 3989 587 4045 de
604 3986 731 4066 regalibvs
749 3989 794 4046 lii.
817 4007 839 4046 ι.
858 4003 914 4057 cap.
933 3991 959 4044 n.
979 3986 1037 4047 Ro·
1067 3984 1199 4043 auxilium
1227 3985 1396 4055 imploraturn
1414 3987 1505 4046 fuisset
1547 3989 1575 4046 δι
1594 3989 1782 4056 possessorium
1811 3987 1880 4044 mcli-

228 4055 344 4138 senthal.
362 4059 394 4114 de
403 4061 505 4132 fetidis.
519 4077 576 4131 cap.
599 4079 638 4120 ra.
656 4061 768 4119 conclus.
790 4077 812 4116 1.
831 4056 865 4122 (o
882 4078 948 4130 seqq.
967 4057 1037 4117 Vul-
1067 4057 1142 4113 cium
1168 4053 1268 4116 ibidem
1289 4064 1488 4120 terminatum.
1516 4029 1682 4118 lleostadius
1710 4067 1777 4130 supr.
1796 4058 1880 4115 civite

230 4141 315 4197 terum
331 4130 364 4186 de
372 4129 465 4204 feudis
483 4132 527 4192 lib.
546 4149 573 4190 2.
591 4148 646 4202 cap.
665 4147 690 4189 a.
706 4130 885 4192 Schraderurn
904 4133 936 4186 ile
945 4125 1037 4202 feudi
1067 4124 1145 4184 decis.
1169 4142 1228 4197 ¹27·
1255 4129 1425 4189 Wassenaar
1443 4131 1536 4201 ,psall
1550 4129 1640 4204 ,judio
1668 4141 1723 4200 cap.
1744 4145 1783 4186 ι2.
1803 4149 1878 4186 niem.

227 4213 297 4268 past.
320 4217 359 4257 ιο.
377 4205 439 4262 sefl.
453 4223 474 4262 1.
493 4205 526 4268 (α
536 4203 612 4264 mult.
622 4221 736 4277 sequent.
745 4201 853 4289 Quibus
867 4199 1038 4273 11111ῑῦ86112
1071 4193 1162 4284 1513
1179 4215 1246 4326 Ἥ·

228 4275 343 4348 omnino
359 4291 411 4341 ea,
428 4293 483 4345 que
500 4295 533 4337 er
560 4274 679 4344 professo
696 4279 731 4336 de
758 4275 864 4347 judiciis
887 4270 1038 4333 feudalibus
1107 4269 1196 4331 tobi
1235 4274 1299 4330 icem
1328 4285 1417 4332 autem
1433 4274 1468 4332 de
1493 4277 1655 4344 possessione
1681 4283 1880 4343 competentem

228 4343 334 4414 scripsit
351 4339 447 4402 Petrus
470 4343 546 4404 Bort.
564 4343 596 4402 dv
605 4343 697 4418 findis
715 4344 840 4411 rolland,
864 4360 933 4415 paee.
946 4338 976 4400 ,8.
992 4360 1037 4414 pes
1067 4335 1134 4396 facit
1152 4347 1180 4396 in
1208 4341 1391 4400 immobilibus
1409 4342 1487 4404 rebus
1513 4348 1580 4401 situs
1597 4342 1709 4416 earum,
1737 4361 1794 4400 non
1812 4345 1880 4402 item

230 4430 276 4472 ror.
290 4431 351 4490 pag.
370 4415 436 4471 mibi
453 4412 514 4473 351.
531 4416 564 4482 ur
581 4433 693 4488 sequent.
712 4437 792 4489 usque
809 4416 851 4473 ad
862 4417 954 4488 finem.
1067 4409 1236 4472 domicilium
1249 4417 1286 4471 rei
1303 4420 1442 4473 conventi.
1453 4413 1631 4488 lllcraieflino
1649 4412 1720 4489 linge
1736 4415 1770 4473 de
1787 4415 1880 4482 prodii

270 4481 331 4556 143.
350 4483 427 4546 Lites
435 4487 469 4546 de
487 4489 648 4558 possessione
665 4487 707 4548 vel
723 4494 800 4559 quasi
817 4488 978 4556 possessione
996 4502 1036 4541 re-
1068 4485 1096 4536 in
1114 4481 1172 4542 solo
1191 4481 1369 4554 llltraieblino
1378 4489 1423 4544 siti
1442 4494 1604 4557 possessione
1622 4485 1697 4543 litem
1716 4485 1881 4544 intercedere

231 4575 290 4616 rum
306 4555 408 4628 jurium
427 4577 459 4616 ue
469 4557 641 4616 ventilandas
657 4561 729 4628 quod
737 4561 846 4630 attinet,
856 4555 912 4628 iure
928 4555 1036 4628 quidem
1067 4569 1127 4608 cum
1147 4551 1294 4628 llollando,
1311 4557 1358 4625 qui
1374 4558 1408 4616 de
1425 4563 1588 4628 possessione
1606 4555 1790 4628 Traieblinum
1806 4556 1880 4628 deje-

203 4641 206 4661 '·
230 4629 359 4692 Romano
375 4577 519 4690 delinitum
536 4627 607 4700 fuit,
627 4631 801 4697 separandam
819 4649 874 4687 non
900 4648 959 4711 esse
972 4643 1036 4683 cau·
1065 4637 1157 4752 ᾗιιι,
1176 4639 1224 4711 aut
1249 4626 1407 4686 turbaverat
1433 4637 1642 4699 possessionemq
1671 4647 1727 4687 non
1752 4643 1880 4699 supreme

232 4719 290 4760 sam
307 4704 478 4771 possessionis
495 4720 512 4758 a
529 4718 609 4760 cause
619 4702 799 4770 proprietatis,
808 4713 865 4782 ‚aut
883 4700 913 4756 in
929 4699 1036 4758 diversa
1097 4695 1232 4768 otlandus,
1249 4699 1295 4756 sed
1315 4699 1489 4767 provincialis
1516 4699 1799 4770 littrajeettnecurae
1817 4705 1880 4769 erit,

230 4773 291 4833 fora
307 4771 522 4847 distrahendam,
531 4772 578 4831 sed
596 4772 665 4844 apud
673 4772 795 4836 eundem,
807 4772 958 4840 iudicem&
975 4787 1037 4838 pros
1067 4771 1148 4826 istam
1164 4785 1240 4826 suam
1247 4770 1384 4831 decisione
1402 4787 1481 4846 atque
1490 4775 1599 4833 decreto
1615 4771 1745 4832 dirimere
1763 4787 1881 4832 conten·

230 4848 397 4917 prietatis&
424 4843 596 4920 possessionis
613 4847 827 4906 controversiam
847 4859 922 4905 suam
939 4839 1037 4906 debere
1066 4844 1178 4912 tionem,
1197 4838 1361 4904 Neostadius
1370 4861 1440 4920 supr.
1459 4847 1543 4906 Cuia
1552 4843 1630 4905 decis.
1644 4843 1704 4917 ¹14·
1713 4845 1783 4904 Ant.
1804 4839 1881 4906 Mae
