<?xml version="1.0" encoding="UTF-8"?>
<!DOCTYPE html PUBLIC "-//W3C//DTD XHTML 1.0 Transitional//EN"
    "http://www.w3.org/TR/xhtml1/DTD/xhtml1-transitional.dtd">
<html xmlns="http://www.w3.org/1999/xhtml" xml:lang="en" lang="en">
 <head>
  <title>
</title>
<meta http-equiv="Content-Type" content="text/html;charset=utf-8" />
  <meta name='ocr-system' content='tesseract 3.04.00' />
  <meta name='ocr-capabilities' content='ocr_page ocr_carea ocr_par ocr_line ocrx_word'/>
</head>
<body>
  <div class='ocr_page' id='page_1' title='image "./joannisvoetcomm00voetgoog_0581.png"; bbox 0 0 4012 5344; ppageno 0'>
   <div class='ocr_carea' id='block_1_1' title="bbox 103 203 1812 1446">
    <p class='ocr_par' dir='ltr' id='par_1_1' title="bbox 103 203 1812 1446">
     <span class='ocr_line' id='line_1_1' title="bbox 764 203 1763 304; baseline 0.006 -22"><span class='ocrx_word' id='word_1_1' title='bbox 764 219 813 286; x_wconf 85' lang='lat' dir='ltr'>De</span> <span class='ocrx_word' id='word_1_2' title='bbox 836 219 1027 288; x_wconf 77' lang='lat' dir='ltr'>condidiotte</span> <span class='ocrx_word' id='word_1_3' title='bbox 1052 203 1199 289; x_wconf 78' lang='lat' dir='ltr'>indebiti.</span> <span class='ocrx_word' id='word_1_4' title='bbox 1690 208 1763 304; x_wconf 75' lang='grc' dir='ltr'>Ι45</span> 
     </span>
     <span class='ocr_line' id='line_1_2' title="bbox 148 307 1805 388; baseline -0.005 -11"><span class='ocrx_word' id='word_1_5' title='bbox 148 323 178 377; x_wconf 83' lang='lat' dir='ltr'>te</span> <span class='ocrx_word' id='word_1_6' title='bbox 194 315 312 388; x_wconf 79' lang='lat' dir='ltr'>prestita</span> <span class='ocrx_word' id='word_1_7' title='bbox 329 331 378 386; x_wconf 90' lang='lat' dir='ltr'>pro</span> <span class='ocrx_word' id='word_1_8' title='bbox 393 325 519 374; x_wconf 77' lang='lat' dir='ltr'>macerae</span> <span class='ocrx_word' id='word_1_9' title='bbox 536 307 671 370; x_wconf 79' lang='lat' dir='ltr'>benolicio</span> <span class='ocrx_word' id='word_1_10' title='bbox 686 313 799 384; x_wconf 84' lang='lat' dir='ltr'>gratuiti</span> <span class='ocrx_word' id='word_1_11' title='bbox 827 327 891 371; x_wconf 84' lang='lat' dir='ltr'>usus</span> <span class='ocrx_word' id='word_1_12' title='bbox 907 329 964 370; x_wconf 80' lang='lat' dir='ltr'>sor·</span> <span class='ocrx_word' id='word_1_13' title='bbox 991 317 1041 386; x_wconf 90' lang='lat' dir='ltr'>rit,</span> <span class='ocrx_word' id='word_1_14' title='bbox 1056 331 1123 372; x_wconf 90' lang='lat' dir='ltr'>nam</span> <span class='ocrx_word' id='word_1_15' title='bbox 1140 321 1163 373; x_wconf 87' lang='lat' dir='ltr'>si</span> <span class='ocrx_word' id='word_1_16' title='bbox 1180 315 1213 372; x_wconf 89' lang='lat' dir='ltr'>lis</span> <span class='ocrx_word' id='word_1_17' title='bbox 1231 309 1294 384; x_wconf 84' lang='lat' dir='ltr'>fuit,</span> <span class='ocrx_word' id='word_1_18' title='bbox 1313 311 1365 370; x_wconf 88' lang='lat' dir='ltr'>hoe</span> <span class='ocrx_word' id='word_1_19' title='bbox 1383 314 1478 382; x_wconf 81' lang='lat' dir='ltr'>ipsum,</span> <span class='ocrx_word' id='word_1_20' title='bbox 1502 309 1607 382; x_wconf 82' lang='lat' dir='ltr'>quoda</span> <span class='ocrx_word' id='word_1_21' title='bbox 1625 310 1674 371; x_wconf 90' lang='lat' dir='ltr'>lite</span> <span class='ocrx_word' id='word_1_22' title='bbox 1688 314 1805 373; x_wconf 83' lang='lat' dir='ltr'>discedi-</span> 
     </span>
     <span class='ocr_line' id='line_1_3' title="bbox 149 379 1801 458; baseline 0 -16"><span class='ocrx_word' id='word_1_23' title='bbox 149 391 196 458; x_wconf 89' lang='lat' dir='ltr'>tis,</span> <span class='ocrx_word' id='word_1_24' title='bbox 213 387 284 445; x_wconf 80' lang='lat' dir='ltr'>Ant.</span> <span class='ocrx_word' id='word_1_25' title='bbox 302 384 389 444; x_wconf 81' lang='lat' dir='ltr'>Faber</span> <span class='ocrx_word' id='word_1_26' title='bbox 406 387 434 442; x_wconf 84' lang='lat' dir='ltr'>in</span> <span class='ocrx_word' id='word_1_27' title='bbox 449 385 575 442; x_wconf 69' lang='lat' dir='ltr'>sariaci.</span> <span class='ocrx_word' id='word_1_28' title='bbox 595 381 637 437; x_wconf 71' lang='lat' dir='ltr'>al</span> <span class='ocrx_word' id='word_1_29' title='bbox 652 379 680 437; x_wconf 76' lang='lat' dir='ltr'>al.</span> <span class='ocrx_word' id='word_1_30' title='bbox 699 383 718 438; x_wconf 79' lang='lat' dir='ltr'>l.</span> <span class='ocrx_word' id='word_1_31' title='bbox 738 381 821 441; x_wconf 76' lang='lat' dir='ltr'>auin</span> <span class='ocrx_word' id='word_1_32' title='bbox 839 397 879 452; x_wconf 76' lang='lat' dir='ltr'>pt.</span> <span class='ocrx_word' id='word_1_33' title='bbox 896 399 962 452; x_wconf 88' lang='lat' dir='ltr'>qua·</span> <span class='ocrx_word' id='word_1_34' title='bbox 991 401 1140 454; x_wconf 85' lang='lat' dir='ltr'>tur,causa</span> <span class='ocrx_word' id='word_1_35' title='bbox 1157 387 1348 445; x_wconf 85' lang='lat' dir='ltr'>videturesse:</span> <span class='ocrx_word' id='word_1_36' title='bbox 1369 385 1423 440; x_wconf 87' lang='lat' dir='ltr'>nisi</span> <span class='ocrx_word' id='word_1_37' title='bbox 1439 383 1550 442; x_wconf 85' lang='lat' dir='ltr'>evidens</span> <span class='ocrx_word' id='word_1_38' title='bbox 1568 383 1703 440; x_wconf 82' lang='lat' dir='ltr'>calumnia</span> <span class='ocrx_word' id='word_1_39' title='bbox 1721 387 1801 442; x_wconf 83' lang='lat' dir='ltr'>dete-</span> 
     </span>
     <span class='ocr_line' id='line_1_4' title="bbox 148 451 1801 532; baseline -0.002 -19"><span class='ocrx_word' id='word_1_40' title='bbox 148 457 182 514; x_wconf 85' lang='lat' dir='ltr'>lls</span> <span class='ocrx_word' id='word_1_41' title='bbox 197 457 331 532; x_wconf 74' lang='lat' dir='ltr'>obligatio</span> <span class='ocrx_word' id='word_1_42' title='bbox 348 455 384 515; x_wconf 87' lang='lat' dir='ltr'>ad</span> <span class='ocrx_word' id='word_1_43' title='bbox 401 453 538 525; x_wconf 80' lang='lat' dir='ltr'>antidora,</span> <span class='ocrx_word' id='word_1_44' title='bbox 555 458 606 512; x_wconf 88' lang='lat' dir='ltr'>etsi</span> <span class='ocrx_word' id='word_1_45' title='bbox 622 453 681 509; x_wconf 86' lang='lat' dir='ltr'>solo</span> <span class='ocrx_word' id='word_1_46' title='bbox 698 457 806 512; x_wconf 83' lang='lat' dir='ltr'>munita</span> <span class='ocrx_word' id='word_1_47' title='bbox 822 460 859 509; x_wconf 91' lang='lat' dir='ltr'>sit</span> <span class='ocrx_word' id='word_1_48' title='bbox 878 453 962 523; x_wconf 80' lang='lat' dir='ltr'>ptado·</span> <span class='ocrx_word' id='word_1_49' title='bbox 989 469 1078 528; x_wconf 85' lang='lat' dir='ltr'>gatur,</span> <span class='ocrx_word' id='word_1_50' title='bbox 1096 460 1125 516; x_wconf 76' lang='lat' dir='ltr'>dr</span> <span class='ocrx_word' id='word_1_51' title='bbox 1144 458 1183 513; x_wconf 89' lang='lat' dir='ltr'>ita</span> <span class='ocrx_word' id='word_1_52' title='bbox 1200 453 1348 513; x_wconf 74' lang='lat' dir='ltr'>transaiiio</span> <span class='ocrx_word' id='word_1_53' title='bbox 1365 451 1517 524; x_wconf 75' lang='lat' dir='ltr'>imperitiis</span> <span class='ocrx_word' id='word_1_54' title='bbox 1534 455 1591 524; x_wconf 76' lang='lat' dir='ltr'>rit,</span> <span class='ocrx_word' id='word_1_55' title='bbox 1610 453 1801 514; x_wconf 84' lang='lat' dir='ltr'>videtutenim</span> 
     </span>
     <span class='ocr_line' id='line_1_5' title="bbox 148 523 1812 599; baseline -0.002 -15"><span class='ocrx_word' id='word_1_56' title='bbox 148 533 194 599; x_wconf 81' lang='lat' dir='ltr'>ris,</span> <span class='ocrx_word' id='word_1_57' title='bbox 213 545 269 585; x_wconf 89' lang='lat' dir='ltr'>non</span> <span class='ocrx_word' id='word_1_58' title='bbox 294 531 358 584; x_wconf 85' lang='lat' dir='ltr'>item</span> <span class='ocrx_word' id='word_1_59' title='bbox 375 527 445 585; x_wconf 75' lang='lat' dir='ltr'>data</span> <span class='ocrx_word' id='word_1_60' title='bbox 468 524 530 596; x_wconf 77' lang='lat' dir='ltr'>fidei</span> <span class='ocrx_word' id='word_1_61' title='bbox 555 536 604 584; x_wconf 90' lang='lat' dir='ltr'>aut</span> <span class='ocrx_word' id='word_1_62' title='bbox 630 527 815 595; x_wconf 79' lang='lat' dir='ltr'>promissione</span> <span class='ocrx_word' id='word_1_63' title='bbox 840 523 962 596; x_wconf 86' lang='lat' dir='ltr'>vinculo,</span> <span class='ocrx_word' id='word_1_64' title='bbox 991 526 1085 583; x_wconf 88' lang='lat' dir='ltr'>vocula</span> <span class='ocrx_word' id='word_1_65' title='bbox 1103 529 1144 583; x_wconf 84' lang='lat' dir='ltr'>ira</span> <span class='ocrx_word' id='word_1_66' title='bbox 1160 523 1356 598; x_wconf 81' lang='lat' dir='ltr'>subaudienda,</span> <span class='ocrx_word' id='word_1_67' title='bbox 1374 538 1405 582; x_wconf 90' lang='lat' dir='ltr'>ut</span> <span class='ocrx_word' id='word_1_68' title='bbox 1422 541 1514 584; x_wconf 87' lang='lat' dir='ltr'>sensus</span> <span class='ocrx_word' id='word_1_69' title='bbox 1539 525 1585 596; x_wconf 90' lang='lat' dir='ltr'>sit,</span> <span class='ocrx_word' id='word_1_70' title='bbox 1612 527 1666 582; x_wconf 78' lang='lat' dir='ltr'>nisi</span> <span class='ocrx_word' id='word_1_71' title='bbox 1691 525 1812 583; x_wconf 77' lang='lat' dir='ltr'>suidam¹</span> 
     </span>
     <span class='ocr_line' id='line_1_6' title="bbox 147 589 1800 738; baseline -0.002 -13"><span class='ocrx_word' id='word_1_72' title='bbox 147 589 962 734; x_wconf 48' lang='lat' dir='ltr'>:eilstsiumistllt&#39;allinunt</span> <span class='ocrx_word' id='word_1_73' title='bbox 989 596 1289 738; x_wconf 63' lang='lat' dir='ltr'>{lenitura</span> <span class='ocrx_word' id='word_1_74' title='bbox 1306 595 1571 736; x_wconf 56' lang='lat' dir='ltr'>tituli</span> <span class='ocrx_word' id='word_1_75' title='bbox 1585 591 1737 722; x_wconf 67' lang='lat' dir='ltr'>itii</span> <span class='ocrx_word' id='word_1_76' title='bbox 1754 599 1800 722; x_wconf 70' lang='lat' dir='ltr'>le</span> 
     </span>
     <span class='ocr_line' id='line_1_7' title="bbox 103 688 1811 806; baseline -0.003 -9"><span class='ocrx_word' id='word_1_77' title='bbox 103 718 109 729; x_wconf 52' lang='grc'>’</span> <span class='ocrx_word' id='word_1_78' title='bbox 148 737 264 797; x_wconf 78' lang='lat' dir='ltr'>indebiti</span> <span class='ocrx_word' id='word_1_79' title='bbox 283 735 491 798; x_wconf 75' lang='lat' dir='ltr'>condidissem.</span> <span class='ocrx_word' id='word_1_80' title='bbox 510 735 541 793; x_wconf 81' lang='lat' dir='ltr'>Si</span> <span class='ocrx_word' id='word_1_81' title='bbox 557 739 632 794; x_wconf 86' lang='lat' dir='ltr'>enim</span> <span class='ocrx_word' id='word_1_82' title='bbox 650 754 684 793; x_wconf 88' lang='lat' dir='ltr'>ne</span> <span class='ocrx_word' id='word_1_83' title='bbox 710 749 770 794; x_wconf 90' lang='lat' dir='ltr'>turn</span> <span class='ocrx_word' id='word_1_84' title='bbox 792 736 901 806; x_wconf 81' lang='lat' dir='ltr'>quidem</span> <span class='ocrx_word' id='word_1_85' title='bbox 917 754 960 793; x_wconf 88' lang='lat' dir='ltr'>re·</span> <span class='ocrx_word' id='word_1_86' title='bbox 988 755 1034 795; x_wconf 79' lang='lat' dir='ltr'>ane</span> <span class='ocrx_word' id='word_1_87' title='bbox 1052 755 1077 794; x_wconf 86' lang='lat' dir='ltr'>a.</span> <span class='ocrx_word' id='word_1_88' title='bbox 1095 739 1124 794; x_wconf 89' lang='lat' dir='ltr'>C.</span> <span class='ocrx_word' id='word_1_89' title='bbox 1143 737 1170 796; x_wconf 81' lang='lat' dir='ltr'>i.</span> <span class='ocrx_word' id='word_1_90' title='bbox 1187 757 1210 797; x_wconf 85' lang='lat' dir='ltr'>s.</span> <span class='ocrx_word' id='word_1_91' title='bbox 1225 737 1282 796; x_wconf 87' lang='lat' dir='ltr'>Sed</span> <span class='ocrx_word' id='word_1_92' title='bbox 1297 753 1358 795; x_wconf 88' lang='lat' dir='ltr'>cum</span> <span class='ocrx_word' id='word_1_93' title='bbox 1370 688 1495 794; x_wconf 65' lang='lat' dir='ltr'>datoribus</span> <span class='ocrx_word' id='word_1_94' title='bbox 1517 735 1593 794; x_wconf 85' lang='lat' dir='ltr'>nulla</span> <span class='ocrx_word' id='word_1_95' title='bbox 1619 735 1652 792; x_wconf 90' lang='lat' dir='ltr'>lis</span> <span class='ocrx_word' id='word_1_96' title='bbox 1676 753 1712 793; x_wconf 84' lang='lat' dir='ltr'>ex</span> <span class='ocrx_word' id='word_1_97' title='bbox 1735 734 1811 792; x_wconf 47' lang='lat' dir='ltr'>infin</span> 
     </span>
     <span class='ocr_line' id='line_1_8' title="bbox 148 805 1799 880; baseline -0.001 -17"><span class='ocrx_word' id='word_1_98' title='bbox 148 812 244 876; x_wconf 88' lang='lat' dir='ltr'>petitio</span> <span class='ocrx_word' id='word_1_99' title='bbox 269 808 315 875; x_wconf 85' lang='lat' dir='ltr'>sit,</span> <span class='ocrx_word' id='word_1_100' title='bbox 339 825 401 868; x_wconf 88' lang='lat' dir='ltr'>cum</span> <span class='ocrx_word' id='word_1_101' title='bbox 418 813 476 878; x_wconf 88' lang='lat' dir='ltr'>quis</span> <span class='ocrx_word' id='word_1_102' title='bbox 502 807 577 864; x_wconf 82' lang='lat' dir='ltr'>dedit</span> <span class='ocrx_word' id='word_1_103' title='bbox 603 805 639 862; x_wconf 91' lang='lat' dir='ltr'>ob</span> <span class='ocrx_word' id='word_1_104' title='bbox 656 823 764 865; x_wconf 62' lang='lat' dir='ltr'>canem</span> <span class='ocrx_word' id='word_1_105' title='bbox 789 811 960 876; x_wconf 77' lang='lat' dir='ltr'>preteritum,</span> <span class='ocrx_word' id='word_1_106' title='bbox 988 811 1105 866; x_wconf 82' lang='lat' dir='ltr'>clatione</span> <span class='ocrx_word' id='word_1_107' title='bbox 1123 811 1152 866; x_wconf 93' lang='lat' dir='ltr'>in</span> <span class='ocrx_word' id='word_1_108' title='bbox 1169 807 1282 880; x_wconf 85' lang='lat' dir='ltr'>duplum</span> <span class='ocrx_word' id='word_1_109' title='bbox 1297 823 1409 880; x_wconf 86' lang='lat' dir='ltr'>creseat,</span> <span class='ocrx_word' id='word_1_110' title='bbox 1426 821 1509 878; x_wconf 88' lang='lat' dir='ltr'>atque</span> <span class='ocrx_word' id='word_1_111' title='bbox 1523 807 1590 864; x_wconf 86' lang='lat' dir='ltr'>adeo</span> <span class='ocrx_word' id='word_1_112' title='bbox 1614 823 1662 862; x_wconf 84' lang='lat' dir='ltr'>nec</span> <span class='ocrx_word' id='word_1_113' title='bbox 1690 819 1799 862; x_wconf 87' lang='lat' dir='ltr'>transa-</span> 
     </span>
     <span class='ocr_line' id='line_1_9' title="bbox 148 874 1799 954; baseline -0.001 -20"><span class='ocrx_word' id='word_1_114' title='bbox 148 893 230 948; x_wconf 87' lang='lat' dir='ltr'>quam</span> <span class='ocrx_word' id='word_1_115' title='bbox 281 893 426 936; x_wconf 84' lang='lat' dir='ltr'>terrorem</span> <span class='ocrx_word' id='word_1_116' title='bbox 444 875 557 948; x_wconf 77' lang='lat' dir='ltr'>patabat</span> <span class='ocrx_word' id='word_1_117' title='bbox 575 876 689 949; x_wconf 79' lang='lat' dir='ltr'>subesse,</span> <span class='ocrx_word' id='word_1_118' title='bbox 707 876 802 946; x_wconf 84' lang='lat' dir='ltr'>veluti,</span> <span class='ocrx_word' id='word_1_119' title='bbox 827 879 891 947; x_wconf 86' lang='lat' dir='ltr'>quia</span> <span class='ocrx_word' id='word_1_120' title='bbox 909 874 960 946; x_wconf 82' lang='lat' dir='ltr'>ali-</span> <span class='ocrx_word' id='word_1_121' title='bbox 988 877 1043 938; x_wconf 79' lang='lat' dir='ltr'>etto</span> <span class='ocrx_word' id='word_1_122' title='bbox 1060 881 1179 954; x_wconf 76' lang='lat' dir='ltr'>quedam</span> <span class='ocrx_word' id='word_1_123' title='bbox 1196 885 1228 941; x_wconf 87' lang='lat' dir='ltr'>in</span> <span class='ocrx_word' id='word_1_124' title='bbox 1244 897 1287 951; x_wconf 83' lang='lat' dir='ltr'>eo,</span> <span class='ocrx_word' id='word_1_125' title='bbox 1303 883 1350 948; x_wconf 90' lang='lat' dir='ltr'>qui</span> <span class='ocrx_word' id='word_1_126' title='bbox 1367 881 1424 935; x_wconf 89' lang='lat' dir='ltr'>istis</span> <span class='ocrx_word' id='word_1_127' title='bbox 1440 895 1477 936; x_wconf 83' lang='lat' dir='ltr'>ex</span> <span class='ocrx_word' id='word_1_128' title='bbox 1494 881 1580 935; x_wconf 85' lang='lat' dir='ltr'>causis</span> <span class='ocrx_word' id='word_1_129' title='bbox 1596 875 1688 952; x_wconf 80' lang='lat' dir='ltr'>solvit,</span> <span class='ocrx_word' id='word_1_130' title='bbox 1704 882 1799 934; x_wconf 85' lang='lat' dir='ltr'>conci-</span> 
     </span>
     <span class='ocr_line' id='line_1_10' title="bbox 149 945 1797 1078; baseline -0.004 -70"><span class='ocrx_word' id='word_1_131' title='bbox 149 951 246 1038; x_wconf 73' lang='lat' dir='ltr'>quida</span> <span class='ocrx_word' id='word_1_132' title='bbox 282 965 324 1020; x_wconf 89' lang='lat' dir='ltr'>eo,</span> <span class='ocrx_word' id='word_1_133' title='bbox 343 951 390 1005; x_wconf 91' lang='lat' dir='ltr'>eui</span> <span class='ocrx_word' id='word_1_134' title='bbox 405 948 465 1034; x_wconf 84' lang='lat' dir='ltr'>dat,</span> <span class='ocrx_word' id='word_1_135' title='bbox 490 959 718 1074; x_wconf 48' lang='lat' dir='ltr'>consecutunffie</span> <span class='ocrx_word' id='word_1_136' title='bbox 744 945 893 1019; x_wconf 82' lang='lat' dir='ltr'>credebat,¹</span> <span class='ocrx_word' id='word_1_137' title='bbox 910 959 959 1004; x_wconf 86' lang='lat' dir='ltr'>aut</span> <span class='ocrx_word' id='word_1_138' title='bbox 988 953 1015 1019; x_wconf 90' lang='lat' dir='ltr'>pi</span> <span class='ocrx_word' id='word_1_139' title='bbox 1032 961 1121 1078; x_wconf 49' lang='lat' dir='ltr'>qugt,</span> <span class='ocrx_word' id='word_1_140' title='bbox 1138 965 1305 1038; x_wconf 77' lang='lat' dir='ltr'>consequens</span> <span class='ocrx_word' id='word_1_141' title='bbox 1318 949 1369 1018; x_wconf 90' lang='lat' dir='ltr'>es&#39;t,</span> <span class='ocrx_word' id='word_1_142' title='bbox 1388 949 1574 1036; x_wconf 72' lang='lat' dir='ltr'>etiamnunc</span> <span class='ocrx_word' id='word_1_143' title='bbox 1599 945 1667 1002; x_wconf 84' lang='lat' dir='ltr'>illis‘</span> <span class='ocrx_word' id='word_1_144' title='bbox 1681 945 1797 1004; x_wconf 79' lang='lat' dir='ltr'>indebiti</span> 
     </span>
     <span class='ocr_line' id='line_1_11' title="bbox 147 1017 1787 1174; baseline 0 -30"><span class='ocrx_word' id='word_1_145' title='bbox 147 1017 620 1174; x_wconf 51' lang='lat' dir='ltr'>iiil‘iibu‘iiiiiillidiff</span> <span class='ocrx_word' id='word_1_146' title='bbox 633 1033 831 1160; x_wconf 57' lang='lat' dir='ltr'>affl?</span> <span class='ocrx_word' id='word_1_147' title='bbox 838 1029 924 1170; x_wconf 63' lang='lat' dir='ltr'>pii?</span> <span class='ocrx_word' id='word_1_148' title='bbox 938 1024 959 1144; x_wconf 70' lang='lat' dir='ltr'>l</span> <span class='ocrx_word' id='word_1_149' title='bbox 987 1019 1422 1174; x_wconf 62' lang='lat' dir='ltr'>iiti’iigiitlniffsl</span> <span class='ocrx_word' id='word_1_150' title='bbox 1439 1017 1787 1173; x_wconf 48' lang='lat' dir='ltr'>lisiliieliiiffl</span> 
     </span>
     <span class='ocr_line' id='line_1_12' title="bbox 146 1155 1799 1234; baseline -0.003 -14"><span class='ocrx_word' id='word_1_151' title='bbox 146 1159 230 1231; x_wconf 85' lang='lat' dir='ltr'>longe</span> <span class='ocrx_word' id='word_1_152' title='bbox 246 1175 336 1217; x_wconf 74' lang='lat' dir='ltr'>mnus</span> <span class='ocrx_word' id='word_1_153' title='bbox 353 1157 520 1217; x_wconf 71' lang='lat' dir='ltr'>candidium</span> <span class='ocrx_word' id='word_1_154' title='bbox 538 1158 613 1216; x_wconf 76' lang='lat' dir='ltr'>uem</span> <span class='ocrx_word' id='word_1_155' title='bbox 631 1177 687 1216; x_wconf 83' lang='lat' dir='ltr'>esse</span> <span class='ocrx_word' id='word_1_156' title='bbox 704 1157 794 1226; x_wconf 84' lang='lat' dir='ltr'>debet,</span> <span class='ocrx_word' id='word_1_157' title='bbox 812 1157 858 1214; x_wconf 84' lang='lat' dir='ltr'>uba</span> <span class='ocrx_word' id='word_1_158' title='bbox 878 1155 958 1216; x_wconf 69' lang='lat' dir='ltr'>bene</span> <span class='ocrx_word' id='word_1_159' title='bbox 987 1175 1021 1216; x_wconf 83' lang='lat' dir='ltr'>ex</span> <span class='ocrx_word' id='word_1_160' title='bbox 1038 1176 1120 1216; x_wconf 83' lang='lat' dir='ltr'>causa</span> <span class='ocrx_word' id='word_1_161' title='bbox 1137 1161 1221 1234; x_wconf 87' lang='lat' dir='ltr'>legati</span> <span class='ocrx_word' id='word_1_162' title='bbox 1237 1159 1435 1218; x_wconf 79' lang='lat' dir='ltr'>venerabilibus</span> <span class='ocrx_word' id='word_1_163' title='bbox 1462 1161 1528 1216; x_wconf 88' lang='lat' dir='ltr'>locis</span> <span class='ocrx_word' id='word_1_164' title='bbox 1554 1159 1641 1218; x_wconf 73' lang='lat' dir='ltr'>reum</span> <span class='ocrx_word' id='word_1_165' title='bbox 1676 1158 1799 1226; x_wconf 76' lang='lat' dir='ltr'>soluisse,</span> 
     </span>
     <span class='ocr_line' id='line_1_13' title="bbox 147 1199 1798 1312; baseline 0.001 -28"><span class='ocrx_word' id='word_1_166' title='bbox 147 1225 218 1286; x_wconf 86' lang='lat' dir='ltr'>liciis</span> <span class='ocrx_word' id='word_1_167' title='bbox 234 1247 296 1288; x_wconf 80' lang='lat' dir='ltr'>cere</span> <span class='ocrx_word' id='word_1_168' title='bbox 313 1243 483 1302; x_wconf 86' lang='lat' dir='ltr'>provocatus,</span> <span class='ocrx_word' id='word_1_169' title='bbox 500 1228 691 1312; x_wconf 77' lang='lat' dir='ltr'>rernuneaandi</span> <span class='ocrx_word' id='word_1_170' title='bbox 707 1229 796 1301; x_wconf 86' lang='lat' dir='ltr'>gratia</span> <span class='ocrx_word' id='word_1_171' title='bbox 822 1227 886 1299; x_wconf 90' lang='lat' dir='ltr'>quid</span> <span class='ocrx_word' id='word_1_172' title='bbox 912 1230 959 1286; x_wconf 86' lang='lat' dir='ltr'>de-</span> <span class='ocrx_word' id='word_1_173' title='bbox 987 1231 1060 1302; x_wconf 88' lang='lat' dir='ltr'>quud</span> <span class='ocrx_word' id='word_1_174' title='bbox 1074 1229 1195 1288; x_wconf 86' lang='lat' dir='ltr'>debitum</span> <span class='ocrx_word' id='word_1_175' title='bbox 1215 1249 1270 1288; x_wconf 89' lang='lat' dir='ltr'>non</span> <span class='ocrx_word' id='word_1_176' title='bbox 1287 1243 1338 1302; x_wconf 83' lang='lat' dir='ltr'>est,</span> <span class='ocrx_word' id='word_1_177' title='bbox 1355 1230 1566 1302; x_wconf 78' lang='lat' dir='ltr'>Groenevegen</span> <span class='ocrx_word' id='word_1_178' title='bbox 1583 1231 1619 1288; x_wconf 88' lang='lat' dir='ltr'>ad</span> <span class='ocrx_word' id='word_1_179' title='bbox 1636 1199 1662 1304; x_wconf 68' lang='grc'>4</span> <span class='ocrx_word' id='word_1_180' title='bbox 1681 1230 1730 1286; x_wconf 81' lang='lat' dir='ltr'>uls.</span> <span class='ocrx_word' id='word_1_181' title='bbox 1747 1226 1798 1284; x_wconf 80' lang='lat' dir='ltr'>In·</span> 
     </span>
     <span class='ocr_line' id='line_1_14' title="bbox 145 1297 1794 1376; baseline -0.001 -20"><span class='ocrx_word' id='word_1_182' title='bbox 145 1299 216 1359; x_wconf 80' lang='lat' dir='ltr'>disse</span> <span class='ocrx_word' id='word_1_183' title='bbox 233 1305 412 1370; x_wconf 64' lang='lat' dir='ltr'>proponitur,</span> <span class='ocrx_word' id='word_1_184' title='bbox 427 1317 491 1357; x_wconf 85' lang='lat' dir='ltr'>cuna</span> <span class='ocrx_word' id='word_1_185' title='bbox 510 1317 566 1357; x_wconf 90' lang='lat' dir='ltr'>non</span> <span class='ocrx_word' id='word_1_186' title='bbox 583 1299 637 1356; x_wconf 85' lang='lat' dir='ltr'>alra</span> <span class='ocrx_word' id='word_1_187' title='bbox 664 1311 740 1370; x_wconf 88' lang='lat' dir='ltr'>tune,</span> <span class='ocrx_word' id='word_1_188' title='bbox 764 1313 847 1368; x_wconf 84' lang='lat' dir='ltr'>quam</span> <span class='ocrx_word' id='word_1_189' title='bbox 873 1297 960 1356; x_wconf 84' lang='lat' dir='ltr'>dona-</span> <span class='ocrx_word' id='word_1_190' title='bbox 988 1303 1043 1356; x_wconf 81' lang='lat' dir='ltr'>stit.</span> <span class='ocrx_word' id='word_1_191' title='bbox 1061 1299 1092 1356; x_wconf 80' lang='lat' dir='ltr'>de</span> <span class='ocrx_word' id='word_1_192' title='bbox 1109 1300 1213 1376; x_wconf 67' lang='lat' dir='ltr'>obligat.</span> <span class='ocrx_word' id='word_1_193' title='bbox 1232 1321 1287 1376; x_wconf 71' lang='lat' dir='ltr'>qua</span> <span class='ocrx_word' id='word_1_194' title='bbox 1320 1304 1380 1360; x_wconf 76' lang='lat' dir='ltr'>uari</span> <span class='ocrx_word' id='word_1_195' title='bbox 1398 1321 1428 1356; x_wconf 83' lang='lat' dir='ltr'>ea</span> <span class='ocrx_word' id='word_1_196' title='bbox 1446 1302 1704 1375; x_wconf 55' lang='lat' dir='ltr'>contradicentem</span> <span class='ocrx_word' id='word_1_197' title='bbox 1722 1315 1794 1369; x_wconf 80' lang='lat' dir='ltr'>pm.</span> 
     </span>
     <span class='ocr_line' id='line_1_15' title="bbox 144 1321 1800 1446; baseline -0.001 -18"><span class='ocrx_word' id='word_1_198' title='bbox 144 1370 231 1428; x_wconf 86' lang='lat' dir='ltr'>tionis</span> <span class='ocrx_word' id='word_1_199' title='bbox 258 1368 412 1438; x_wconf 68' lang='lat' dir='ltr'>conludium</span> <span class='ocrx_word' id='word_1_200' title='bbox 430 1373 491 1440; x_wconf 86' lang='lat' dir='ltr'>capi</span> <span class='ocrx_word' id='word_1_201' title='bbox 509 1370 600 1441; x_wconf 82' lang='lat' dir='ltr'>possit,</span> <span class='ocrx_word' id='word_1_202' title='bbox 617 1387 674 1440; x_wconf 84' lang='lat' dir='ltr'>arg.</span> <span class='ocrx_word' id='word_1_203' title='bbox 691 1373 718 1424; x_wconf 75' lang='lat' dir='ltr'>d.</span> <span class='ocrx_word' id='word_1_204' title='bbox 737 1369 755 1424; x_wconf 84' lang='lat' dir='ltr'>l.</span> <span class='ocrx_word' id='word_1_205' title='bbox 770 1368 815 1426; x_wconf 82' lang='lat'>65.</span> <span class='ocrx_word' id='word_1_206' title='bbox 832 1363 894 1441; x_wconf 70' lang='lat' dir='ltr'>§.e</span> <span class='ocrx_word' id='word_1_207' title='bbox 912 1385 958 1427; x_wconf 87' lang='lat' dir='ltr'>eo·</span> <span class='ocrx_word' id='word_1_208' title='bbox 990 1369 1090 1427; x_wconf 81' lang='lat' dir='ltr'>Paulus</span> <span class='ocrx_word' id='word_1_209' title='bbox 1106 1370 1178 1430; x_wconf 83' lang='lat' dir='ltr'>Voet</span> <span class='ocrx_word' id='word_1_210' title='bbox 1195 1369 1233 1429; x_wconf 88' lang='lat' dir='ltr'>ad</span> <span class='ocrx_word' id='word_1_211' title='bbox 1249 1371 1275 1427; x_wconf 85' lang='lat' dir='ltr'>d.</span> <span class='ocrx_word' id='word_1_212' title='bbox 1293 1321 1318 1446; x_wconf 58' lang='lat' dir='ltr'>d</span> <span class='ocrx_word' id='word_1_213' title='bbox 1338 1371 1387 1431; x_wconf 84' lang='lat' dir='ltr'>ult.</span> <span class='ocrx_word' id='word_1_214' title='bbox 1406 1390 1482 1428; x_wconf 78' lang='lat' dir='ltr'>aum.</span> <span class='ocrx_word' id='word_1_215' title='bbox 1499 1388 1524 1428; x_wconf 84' lang='lat'>2.</span> <span class='ocrx_word' id='word_1_216' title='bbox 1552 1367 1686 1446; x_wconf 74' lang='lat' dir='ltr'>Quamvis</span> <span class='ocrx_word' id='word_1_217' title='bbox 1701 1370 1737 1429; x_wconf 90' lang='lat' dir='ltr'>de</span> <span class='ocrx_word' id='word_1_218' title='bbox 1753 1388 1800 1428; x_wconf 88' lang='lat' dir='ltr'>ce-</span> 
     </span>
    </p>
   </div>
   <div class='ocr_carea' id='block_1_2' title="bbox 142 1413 1799 1780">
    <p class='ocr_par' dir='ltr' id='par_1_2' title="bbox 142 1413 1799 1780">
     <span class='ocr_line' id='line_1_16' title="bbox 147 1413 1799 1516; baseline -0.002 -17"><span class='ocrx_word' id='word_1_219' title='bbox 147 1459 198 1512; x_wconf 84' lang='lat' dir='ltr'>que</span> <span class='ocrx_word' id='word_1_220' title='bbox 216 1413 281 1497; x_wconf 58' lang='lat' dir='ltr'>licit</span> <span class='ocrx_word' id='word_1_221' title='bbox 297 1444 392 1509; x_wconf 70' lang='lat' dir='ltr'>etum,</span> <span class='ocrx_word' id='word_1_222' title='bbox 409 1441 481 1507; x_wconf 87' lang='lat' dir='ltr'>quod</span> <span class='ocrx_word' id='word_1_223' title='bbox 498 1439 621 1512; x_wconf 88' lang='lat' dir='ltr'>libertus,</span> <span class='ocrx_word' id='word_1_224' title='bbox 638 1441 685 1510; x_wconf 89' lang='lat' dir='ltr'>qui</span> <span class='ocrx_word' id='word_1_225' title='bbox 703 1435 833 1508; x_wconf 75' lang='lat' dir='ltr'>officiales</span> <span class='ocrx_word' id='word_1_226' title='bbox 842 1454 959 1510; x_wconf 85' lang='lat' dir='ltr'>patrono</span> <span class='ocrx_word' id='word_1_227' title='bbox 988 1455 1047 1498; x_wconf 88' lang='lat' dir='ltr'>tero</span> <span class='ocrx_word' id='word_1_228' title='bbox 1064 1439 1155 1500; x_wconf 87' lang='lat' dir='ltr'>adhue</span> <span class='ocrx_word' id='word_1_229' title='bbox 1172 1442 1254 1502; x_wconf 86' lang='lat' dir='ltr'>hodie</span> <span class='ocrx_word' id='word_1_230' title='bbox 1270 1445 1311 1500; x_wconf 88' lang='lat' dir='ltr'>ita</span> <span class='ocrx_word' id='word_1_231' title='bbox 1328 1441 1368 1516; x_wconf 88' lang='lat' dir='ltr'>jus</span> <span class='ocrx_word' id='word_1_232' title='bbox 1386 1447 1429 1513; x_wconf 88' lang='lat' dir='ltr'>sit,</span> <span class='ocrx_word' id='word_1_233' title='bbox 1446 1457 1478 1501; x_wconf 93' lang='lat' dir='ltr'>ut</span> <span class='ocrx_word' id='word_1_234' title='bbox 1492 1457 1527 1500; x_wconf 79' lang='lat' dir='ltr'>eit</span> <span class='ocrx_word' id='word_1_235' title='bbox 1544 1438 1799 1500; x_wconf 75' lang='lat' dir='ltr'>causatransadlio·</span> 
     </span>
     <span class='ocr_line' id='line_1_17' title="bbox 145 1507 1797 1587; baseline 0.001 -21"><span class='ocrx_word' id='word_1_236' title='bbox 145 1529 244 1579; x_wconf 84' lang='lat' dir='ltr'>uperas</span> <span class='ocrx_word' id='word_1_237' title='bbox 258 1511 393 1579; x_wconf 72' lang='lat' dir='ltr'>prestitit,</span> <span class='ocrx_word' id='word_1_238' title='bbox 410 1510 447 1566; x_wconf 84' lang='lat' dir='ltr'>ad</span> <span class='ocrx_word' id='word_1_239' title='bbox 463 1527 528 1580; x_wconf 87' lang='lat' dir='ltr'>quas</span> <span class='ocrx_word' id='word_1_240' title='bbox 545 1509 600 1568; x_wconf 83' lang='lat' dir='ltr'>sola</span> <span class='ocrx_word' id='word_1_241' title='bbox 619 1510 752 1566; x_wconf 77' lang='lat' dir='ltr'>libertatis</span> <span class='ocrx_word' id='word_1_242' title='bbox 769 1511 895 1578; x_wconf 72' lang='lat' dir='ltr'>prestita</span> <span class='ocrx_word' id='word_1_243' title='bbox 915 1529 958 1567; x_wconf 88' lang='lat' dir='ltr'>re-</span> <span class='ocrx_word' id='word_1_244' title='bbox 988 1513 1029 1570; x_wconf 93' lang='lat' dir='ltr'>nis</span> <span class='ocrx_word' id='word_1_245' title='bbox 1045 1512 1163 1570; x_wconf 88' lang='lat' dir='ltr'>solutum</span> <span class='ocrx_word' id='word_1_246' title='bbox 1180 1516 1287 1572; x_wconf 82' lang='lat' dir='ltr'>cundici</span> <span class='ocrx_word' id='word_1_247' title='bbox 1305 1527 1434 1587; x_wconf 69' lang='lat' dir='ltr'>nequeat,</span> <span class='ocrx_word' id='word_1_248' title='bbox 1447 1517 1640 1572; x_wconf 85' lang='lat' dir='ltr'>convenienter</span> <span class='ocrx_word' id='word_1_249' title='bbox 1665 1507 1720 1580; x_wconf 79' lang='lat' dir='ltr'>juri</span> <span class='ocrx_word' id='word_1_250' title='bbox 1737 1509 1797 1569; x_wconf 81' lang='lat' dir='ltr'>lio·</span> 
     </span>
     <span class='ocr_line' id='line_1_18' title="bbox 144 1578 1799 1658; baseline -0.001 -21"><span class='ocrx_word' id='word_1_251' title='bbox 144 1580 308 1638; x_wconf 73' lang='lat' dir='ltr'>cordatione</span> <span class='ocrx_word' id='word_1_252' title='bbox 326 1583 354 1640; x_wconf 83' lang='lat' dir='ltr'>dr</span> <span class='ocrx_word' id='word_1_253' title='bbox 371 1582 549 1653; x_wconf 74' lang='lat' dir='ltr'>gratitudinis</span> <span class='ocrx_word' id='word_1_254' title='bbox 567 1579 687 1637; x_wconf 90' lang='lat' dir='ltr'>naturali</span> <span class='ocrx_word' id='word_1_255' title='bbox 705 1579 969 1652; x_wconf 85' lang='lat' dir='ltr'>rationeobligatus·</span> <span class='ocrx_word' id='word_1_256' title='bbox 987 1599 1086 1640; x_wconf 74' lang='lat' dir='ltr'>nuno:</span> <span class='ocrx_word' id='word_1_257' title='bbox 1103 1585 1144 1641; x_wconf 91' lang='lat' dir='ltr'>uti</span> <span class='ocrx_word' id='word_1_258' title='bbox 1162 1603 1212 1641; x_wconf 89' lang='lat' dir='ltr'>nec</span> <span class='ocrx_word' id='word_1_259' title='bbox 1238 1587 1311 1658; x_wconf 90' lang='lat' dir='ltr'>quod</span> <span class='ocrx_word' id='word_1_260' title='bbox 1328 1583 1446 1658; x_wconf 87' lang='lat' dir='ltr'>solutum</span> <span class='ocrx_word' id='word_1_261' title='bbox 1463 1599 1498 1642; x_wconf 81' lang='lat' dir='ltr'>ex</span> <span class='ocrx_word' id='word_1_262' title='bbox 1524 1599 1606 1639; x_wconf 81' lang='lat' dir='ltr'>causa</span> <span class='ocrx_word' id='word_1_263' title='bbox 1635 1578 1799 1652; x_wconf 72' lang='lat' dir='ltr'>jusjurandi,</span> 
     </span>
     <span class='ocr_line' id='line_1_19' title="bbox 142 1623 1798 1780; baseline -0.002 -70"><span class='ocrx_word' id='word_1_264' title='bbox 142 1663 213 1722; x_wconf 84' lang='lat' dir='ltr'>erat,</span> <span class='ocrx_word' id='word_1_265' title='bbox 229 1651 336 1708; x_wconf 59' lang='lat' dir='ltr'>adem</span> <span class='ocrx_word' id='word_1_266' title='bbox 353 1649 425 1706; x_wconf 85' lang='lat' dir='ltr'>haud</span> <span class='ocrx_word' id='word_1_267' title='bbox 443 1658 559 1722; x_wconf 91' lang='lat' dir='ltr'>potuerit</span> <span class='ocrx_word' id='word_1_268' title='bbox 585 1663 616 1709; x_wconf 93' lang='lat' dir='ltr'>ut</span> <span class='ocrx_word' id='word_1_269' title='bbox 644 1650 782 1708; x_wconf 85' lang='lat' dir='ltr'>indebitus</span> <span class='ocrx_word' id='word_1_270' title='bbox 806 1653 958 1725; x_wconf 86' lang='lat' dir='ltr'>condicere,</span> <span class='ocrx_word' id='word_1_271' title='bbox 988 1653 1006 1707; x_wconf 92' lang='lat' dir='ltr'>l.</span> <span class='ocrx_word' id='word_1_272' title='bbox 1025 1671 1076 1708; x_wconf 83' lang='lat' dir='ltr'>non</span> <span class='ocrx_word' id='word_1_273' title='bbox 1093 1656 1144 1710; x_wconf 72' lang='lat' dir='ltr'>erit</span> <span class='ocrx_word' id='word_1_274' title='bbox 1160 1653 1185 1712; x_wconf 80' lang='lat'>5.</span> <span class='ocrx_word' id='word_1_275' title='bbox 1203 1623 1229 1729; x_wconf 64' lang='grc'>4.</span> <span class='ocrx_word' id='word_1_276' title='bbox 1245 1656 1312 1713; x_wconf 81' lang='lat' dir='ltr'>dara</span> <span class='ocrx_word' id='word_1_277' title='bbox 1330 1651 1405 1726; x_wconf 70' lang='lat' dir='ltr'>aff.</span> <span class='ocrx_word' id='word_1_278' title='bbox 1425 1654 1457 1709; x_wconf 78' lang='lat' dir='ltr'>de</span> <span class='ocrx_word' id='word_1_279' title='bbox 1467 1653 1557 1780; x_wconf 42' lang='lat' dir='ltr'>jung.</span> <span class='ocrx_word' id='word_1_280' title='bbox 1578 1651 1619 1710; x_wconf 87' lang='lat' dir='ltr'>vel</span> <span class='ocrx_word' id='word_1_281' title='bbox 1637 1659 1676 1712; x_wconf 85' lang='lat' dir='ltr'>tel</span> <span class='ocrx_word' id='word_1_282' title='bbox 1694 1649 1798 1720; x_wconf 79' lang='lat' dir='ltr'>judica-</span> 
     </span>
    </p>
   </div>
   <div class='ocr_carea' id='block_1_3' title="bbox 103 1715 1841 3142">
    <p class='ocr_par' dir='ltr' id='par_1_3' title="bbox 132 1715 1817 2206">
     <span class='ocr_line' id='line_1_20' title="bbox 146 1715 1799 1851; baseline -0.002 -72"><span class='ocrx_word' id='word_1_283' title='bbox 146 1721 208 1779; x_wconf 77' lang='lat' dir='ltr'>lsi</span> <span class='ocrx_word' id='word_1_284' title='bbox 224 1741 275 1777; x_wconf 82' lang='lat' dir='ltr'>non</span> <span class='ocrx_word' id='word_1_285' title='bbox 293 1733 390 1778; x_wconf 71' lang='lat' dir='ltr'>ronam</span> <span class='ocrx_word' id='word_1_286' title='bbox 406 1715 494 1851; x_wconf 46' lang='grc' dir='ltr'>ιάἓ</span> <span class='ocrx_word' id='word_1_287' title='bbox 512 1721 622 1780; x_wconf 76' lang='lat' dir='ltr'>libertus</span> <span class='ocrx_word' id='word_1_288' title='bbox 643 1737 682 1778; x_wconf 82' lang='lat' dir='ltr'>ra.</span> <span class='ocrx_word' id='word_1_289' title='bbox 694 1719 732 1794; x_wconf 80' lang='lat' dir='ltr'>ff.</span> <span class='ocrx_word' id='word_1_290' title='bbox 746 1721 802 1778; x_wconf 74' lang='lat' dir='ltr'>it.</span> <span class='ocrx_word' id='word_1_291' title='bbox 820 1721 958 1780; x_wconf 68' lang='lat' dir='ltr'>&#39;foldensis</span> <span class='ocrx_word' id='word_1_292' title='bbox 987 1737 1029 1792; x_wconf 78' lang='lat' dir='ltr'>tas,</span> <span class='ocrx_word' id='word_1_293' title='bbox 1048 1723 1066 1780; x_wconf 83' lang='lat' dir='ltr'>l.</span> <span class='ocrx_word' id='word_1_294' title='bbox 1088 1726 1157 1781; x_wconf 84' lang='lat' dir='ltr'><em>1.C.</em></span> <span class='ocrx_word' id='word_1_295' title='bbox 1177 1724 1496 1794; x_wconf 75' lang='lat' dir='ltr'>b.t.l.campurmm</span> <span class='ocrx_word' id='word_1_296' title='bbox 1540 1718 1617 1792; x_wconf 74' lang='lat' dir='ltr'>(affl</span> <span class='ocrx_word' id='word_1_297' title='bbox 1638 1721 1735 1794; x_wconf 79' lang='lat' dir='ltr'>fasm&#39;l.</span> <span class='ocrx_word' id='word_1_298' title='bbox 1754 1741 1799 1778; x_wconf 74' lang='lat' dir='ltr'>aa·</span> 
     </span>
     <span class='ocr_line' id='line_1_21' title="bbox 145 1789 1799 1866; baseline -0.003 -14"><span class='ocrx_word' id='word_1_299' title='bbox 145 1791 438 1852; x_wconf 65' lang='lat' dir='ltr'>recidiuam.</span> <span class='ocrx_word' id='word_1_300' title='bbox 498 1789 733 1852; x_wconf 71' lang='lat' dir='ltr'>nuntiaremus</span> <span class='ocrx_word' id='word_1_301' title='bbox 759 1791 792 1848; x_wconf 80' lang='lat' dir='ltr'>de</span> <span class='ocrx_word' id='word_1_302' title='bbox 808 1789 957 1866; x_wconf 69' lang='lat' dir='ltr'>obligations.</span> <span class='ocrx_word' id='word_1_303' title='bbox 986 1797 1046 1849; x_wconf 78' lang='lat' dir='ltr'>cisa.</span> <span class='ocrx_word' id='word_1_304' title='bbox 1064 1794 1082 1848; x_wconf 90' lang='lat' dir='ltr'>l.</span> <span class='ocrx_word' id='word_1_305' title='bbox 1101 1813 1131 1850; x_wconf 80' lang='lat' dir='ltr'>ex</span> <span class='ocrx_word' id='word_1_306' title='bbox 1148 1815 1232 1852; x_wconf 84' lang='lat' dir='ltr'>causa</span> <span class='ocrx_word' id='word_1_307' title='bbox 1249 1796 1277 1852; x_wconf 83' lang='lat' dir='ltr'>C.</span> <span class='ocrx_word' id='word_1_308' title='bbox 1296 1794 1329 1850; x_wconf 78' lang='lat' dir='ltr'>de</span> <span class='ocrx_word' id='word_1_309' title='bbox 1344 1811 1501 1865; x_wconf 80' lang='lat' dir='ltr'>compensat.</span> <span class='ocrx_word' id='word_1_310' title='bbox 1529 1794 1590 1864; x_wconf 85' lang='lat' dir='ltr'>quia</span> <span class='ocrx_word' id='word_1_311' title='bbox 1619 1809 1660 1850; x_wconf 87' lang='lat' dir='ltr'>res</span> <span class='ocrx_word' id='word_1_312' title='bbox 1680 1791 1799 1862; x_wconf 79' lang='lat' dir='ltr'>iudicata</span> 
     </span>
     <span class='ocr_line' id='line_1_22' title="bbox 132 1860 1817 1938; baseline 0.001 -21"><span class='ocrx_word' id='word_1_313' title='bbox 132 1863 240 1931; x_wconf 71' lang='lat' dir='ltr'>,ripun</span> <span class='ocrx_word' id='word_1_314' title='bbox 258 1862 303 1919; x_wconf 75' lang='grc'>15.</span> <span class='ocrx_word' id='word_1_315' title='bbox 320 1883 397 1920; x_wconf 79' lang='lat' dir='ltr'>num.</span> <span class='ocrx_word' id='word_1_316' title='bbox 415 1877 460 1932; x_wconf 76' lang='lat'>27.</span> <span class='ocrx_word' id='word_1_317' title='bbox 479 1863 510 1922; x_wconf 87' lang='lat' dir='ltr'>Si</span> <span class='ocrx_word' id='word_1_318' title='bbox 527 1877 618 1920; x_wconf 87' lang='lat' dir='ltr'>tamen</span> <span class='ocrx_word' id='word_1_319' title='bbox 637 1879 787 1932; x_wconf 67' lang='lat' dir='ltr'>saluatum,</span> <span class='ocrx_word' id='word_1_320' title='bbox 815 1867 853 1918; x_wconf 87' lang='lat' dir='ltr'>ita</span> <span class='ocrx_word' id='word_1_321' title='bbox 879 1865 957 1922; x_wconf 88' lang='lat' dir='ltr'>inde-</span> <span class='ocrx_word' id='word_1_322' title='bbox 987 1883 1035 1933; x_wconf 88' lang='lat' dir='ltr'>pro</span> <span class='ocrx_word' id='word_1_323' title='bbox 1053 1866 1171 1926; x_wconf 80' lang='lat' dir='ltr'>veritate</span> <span class='ocrx_word' id='word_1_324' title='bbox 1192 1865 1317 1936; x_wconf 86' lang='lat' dir='ltr'>habetur,</span> <span class='ocrx_word' id='word_1_325' title='bbox 1345 1867 1364 1925; x_wconf 90' lang='lat' dir='ltr'>l.</span> <span class='ocrx_word' id='word_1_326' title='bbox 1384 1871 1524 1938; x_wconf 75' lang='lat' dir='ltr'>ingenuum</span> <span class='ocrx_word' id='word_1_327' title='bbox 1551 1862 1594 1920; x_wconf 81' lang='lat'>25.</span> <span class='ocrx_word' id='word_1_328' title='bbox 1605 1860 1644 1934; x_wconf 84' lang='lat' dir='ltr'>ff.</span> <span class='ocrx_word' id='word_1_329' title='bbox 1663 1863 1695 1918; x_wconf 82' lang='lat' dir='ltr'>de</span> <span class='ocrx_word' id='word_1_330' title='bbox 1723 1875 1817 1932; x_wconf 58' lang='lat' dir='ltr'>state</span> 
     </span>
     <span class='ocr_line' id='line_1_23' title="bbox 143 1933 1798 2008; baseline -0.001 -18"><span class='ocrx_word' id='word_1_331' title='bbox 143 1933 268 2002; x_wconf 85' lang='lat' dir='ltr'>bite-pro</span> <span class='ocrx_word' id='word_1_332' title='bbox 284 1947 356 1992; x_wconf 84' lang='lat' dir='ltr'>sorte</span> <span class='ocrx_word' id='word_1_333' title='bbox 372 1935 467 1992; x_wconf 84' lang='lat' dir='ltr'>debita</span> <span class='ocrx_word' id='word_1_334' title='bbox 483 1934 643 2003; x_wconf 86' lang='lat' dir='ltr'>solutarum,</span> <span class='ocrx_word' id='word_1_335' title='bbox 679 1935 958 2006; x_wconf 76' lang='lat' dir='ltr'>uentitasegrediatur</span> <span class='ocrx_word' id='word_1_336' title='bbox 986 1935 1084 1992; x_wconf 74' lang='lat' dir='ltr'>bomin·</span> <span class='ocrx_word' id='word_1_337' title='bbox 1102 1941 1130 1996; x_wconf 78' lang='lat' dir='ltr'>ait</span> <span class='ocrx_word' id='word_1_338' title='bbox 1147 1935 1216 1994; x_wconf 87' lang='lat' dir='ltr'>olim</span> <span class='ocrx_word' id='word_1_339' title='bbox 1232 1933 1345 2008; x_wconf 72' lang='lat' dir='ltr'>indicati</span> <span class='ocrx_word' id='word_1_340' title='bbox 1362 1934 1434 1994; x_wconf 70' lang='lat' dir='ltr'>adito</span> <span class='ocrx_word' id='word_1_341' title='bbox 1450 1951 1483 1992; x_wconf 82' lang='lat' dir='ltr'>ex</span> <span class='ocrx_word' id='word_1_342' title='bbox 1501 1933 1671 1991; x_wconf 85' lang='lat' dir='ltr'>inficiatione</span> <span class='ocrx_word' id='word_1_343' title='bbox 1697 1934 1726 1987; x_wconf 93' lang='lat' dir='ltr'>in</span> <span class='ocrx_word' id='word_1_344' title='bbox 1744 1933 1798 1990; x_wconf 92' lang='lat' dir='ltr'>du·</span> 
     </span>
     <span class='ocr_line' id='line_1_24' title="bbox 146 2003 1799 2079; baseline -0.002 -19"><span class='ocrx_word' id='word_1_345' title='bbox 146 2003 296 2078; x_wconf 72' lang='lat' dir='ltr'>legitimum</span> <span class='ocrx_word' id='word_1_346' title='bbox 312 2021 453 2062; x_wconf 85' lang='lat' dir='ltr'>usurarum</span> <span class='ocrx_word' id='word_1_347' title='bbox 470 2006 594 2076; x_wconf 83' lang='lat' dir='ltr'>modurn,</span> <span class='ocrx_word' id='word_1_348' title='bbox 610 2023 633 2076; x_wconf 86' lang='lat' dir='ltr'>q·</span> <span class='ocrx_word' id='word_1_349' title='bbox 698 2006 813 2076; x_wconf 60' lang='lat' dir='ltr'>excedit,</span> <span class='ocrx_word' id='word_1_350' title='bbox 829 2007 957 2062; x_wconf 89' lang='lat' dir='ltr'>sortiim·</span> <span class='ocrx_word' id='word_1_351' title='bbox 987 2005 1060 2074; x_wconf 90' lang='lat' dir='ltr'>plum</span> <span class='ocrx_word' id='word_1_352' title='bbox 1075 2012 1171 2079; x_wconf 84' lang='lat' dir='ltr'>crevit,</span> <span class='ocrx_word' id='word_1_353' title='bbox 1189 2021 1259 2068; x_wconf 82' lang='lat' dir='ltr'>teste</span> <span class='ocrx_word' id='word_1_354' title='bbox 1278 2005 1363 2066; x_wconf 88' lang='lat' dir='ltr'>Paulo</span> <span class='ocrx_word' id='word_1_355' title='bbox 1379 2021 1470 2076; x_wconf 69' lang='lat' dir='ltr'>recept.</span> <span class='ocrx_word' id='word_1_356' title='bbox 1488 2022 1553 2061; x_wconf 79' lang='lat' dir='ltr'>seat.</span> <span class='ocrx_word' id='word_1_357' title='bbox 1572 2003 1618 2060; x_wconf 88' lang='lat' dir='ltr'>lib.</span> <span class='ocrx_word' id='word_1_358' title='bbox 1640 2021 1662 2060; x_wconf 88' lang='grc' dir='ltr'>ι.</span> <span class='ocrx_word' id='word_1_359' title='bbox 1689 2007 1734 2059; x_wconf 85' lang='lat' dir='ltr'>tit.</span> <span class='ocrx_word' id='word_1_360' title='bbox 1757 2016 1799 2075; x_wconf 82' lang='lat'>19·</span> 
     </span>
     <span class='ocr_line' id='line_1_25' title="bbox 144 2071 1805 2206; baseline -0.003 -75"><span class='ocrx_word' id='word_1_361' title='bbox 144 2087 264 2203; x_wconf 53' lang='lat' dir='ltr'>gemitu,</span> <span class='ocrx_word' id='word_1_362' title='bbox 280 2079 309 2136; x_wconf 85' lang='lat' dir='ltr'>dt</span> <span class='ocrx_word' id='word_1_363' title='bbox 329 2074 403 2133; x_wconf 89' lang='lat' dir='ltr'>velut</span> <span class='ocrx_word' id='word_1_364' title='bbox 419 2095 477 2133; x_wconf 86' lang='lat' dir='ltr'>sors</span> <span class='ocrx_word' id='word_1_365' title='bbox 494 2074 547 2134; x_wconf 87' lang='lat' dir='ltr'>hac</span> <span class='ocrx_word' id='word_1_366' title='bbox 562 2077 693 2146; x_wconf 85' lang='lat' dir='ltr'>repetitur</span> <span class='ocrx_word' id='word_1_367' title='bbox 721 2075 836 2132; x_wconf 84' lang='lat' dir='ltr'>indebiti</span> <span class='ocrx_word' id='word_1_368' title='bbox 863 2077 957 2134; x_wconf 83' lang='lat' dir='ltr'>condi·</span> <span class='ocrx_word' id='word_1_369' title='bbox 986 2080 1013 2136; x_wconf 84' lang='lat' dir='ltr'>dt</span> <span class='ocrx_word' id='word_1_370' title='bbox 1031 2075 1075 2134; x_wconf 83' lang='lat' dir='ltr'>lib.</span> <span class='ocrx_word' id='word_1_371' title='bbox 1094 2077 1120 2135; x_wconf 87' lang='lat'>5.</span> <span class='ocrx_word' id='word_1_372' title='bbox 1139 2082 1182 2135; x_wconf 76' lang='lat' dir='ltr'>tii.</span> <span class='ocrx_word' id='word_1_373' title='bbox 1200 2080 1226 2137; x_wconf 87' lang='lat'>5.</span> <span class='ocrx_word' id='word_1_374' title='bbox 1244 2077 1282 2148; x_wconf 75' lang='lat'>15.</span> <span class='ocrx_word' id='word_1_375' title='bbox 1301 2091 1327 2206; x_wconf 59' lang='grc' dir='ltr'>Ξ.</span> <span class='ocrx_word' id='word_1_376' title='bbox 1346 2075 1429 2150; x_wconf 86' lang='lat' dir='ltr'>Hugo</span> <span class='ocrx_word' id='word_1_377' title='bbox 1444 2073 1559 2134; x_wconf 87' lang='lat' dir='ltr'>Grotius</span> <span class='ocrx_word' id='word_1_378' title='bbox 1585 2071 1742 2132; x_wconf 68' lang='lat' dir='ltr'>masadam</span> <span class='ocrx_word' id='word_1_379' title='bbox 1762 2074 1805 2127; x_wconf 76' lang='lat' dir='ltr'>ad</span> 
     </span>
    </p>

    <p class='ocr_par' dir='ltr' id='par_1_4' title="bbox 174 2141 1806 2221">
     <span class='ocr_line' id='line_1_26' title="bbox 174 2141 1806 2221; baseline -0.002 -18"><span class='ocrx_word' id='word_1_380' title='bbox 174 2151 245 2217; x_wconf 85' lang='lat' dir='ltr'>ione,</span> <span class='ocrx_word' id='word_1_381' title='bbox 261 2145 286 2201; x_wconf 75' lang='lat' dir='ltr'>d.</span> <span class='ocrx_word' id='word_1_382' title='bbox 305 2146 325 2204; x_wconf 88' lang='lat' dir='ltr'>l.</span> <span class='ocrx_word' id='word_1_383' title='bbox 342 2147 367 2202; x_wconf 84' lang='lat' dir='ltr'>ai</span> <span class='ocrx_word' id='word_1_384' title='bbox 383 2167 435 2202; x_wconf 82' lang='lat' dir='ltr'>non</span> <span class='ocrx_word' id='word_1_385' title='bbox 452 2165 550 2204; x_wconf 76' lang='lat' dir='ltr'>sortem</span> <span class='ocrx_word' id='word_1_386' title='bbox 567 2149 611 2203; x_wconf 83' lang='lat' dir='ltr'>aii.</span> <span class='ocrx_word' id='word_1_387' title='bbox 627 2161 664 2216; x_wconf 79' lang='lat' dir='ltr'>pr.</span> <span class='ocrx_word' id='word_1_388' title='bbox 682 2143 717 2207; x_wconf 67' lang='lat' dir='ltr'>di</span> <span class='ocrx_word' id='word_1_389' title='bbox 733 2145 771 2214; x_wconf 72' lang='lat' dir='ltr'>ff.</span> <span class='ocrx_word' id='word_1_390' title='bbox 794 2165 816 2202; x_wconf 89' lang='lat' dir='ltr'>a.</span> <span class='ocrx_word' id='word_1_391' title='bbox 840 2141 916 2214; x_wconf 71' lang='lat' dir='ltr'>ffb.</span> <span class='ocrx_word' id='word_1_392' title='bbox 935 2163 956 2202; x_wconf 83' lang='lat' dir='ltr'>a.</span> <span class='ocrx_word' id='word_1_393' title='bbox 980 2147 1129 2221; x_wconf 73' lang='lat' dir='ltr'>jurisprud.</span> <span class='ocrx_word' id='word_1_394' title='bbox 1147 2149 1220 2207; x_wconf 80' lang='lat' dir='ltr'>Hali.</span> <span class='ocrx_word' id='word_1_395' title='bbox 1237 2147 1283 2206; x_wconf 85' lang='lat' dir='ltr'>lib.</span> <span class='ocrx_word' id='word_1_396' title='bbox 1321 2165 1403 2220; x_wconf 84' lang='lat' dir='ltr'>.rap.</span> <span class='ocrx_word' id='word_1_397' title='bbox 1416 2143 1459 2203; x_wconf 79' lang='lat'>3⁰.</span> <span class='ocrx_word' id='word_1_398' title='bbox 1478 2165 1555 2203; x_wconf 76' lang='lat' dir='ltr'>num.</span> <span class='ocrx_word' id='word_1_399' title='bbox 1571 2141 1659 2208; x_wconf 59' lang='lat' dir='ltr'>Mu</span> <span class='ocrx_word' id='word_1_400' title='bbox 1676 2163 1742 2218; x_wconf 82' lang='lat' dir='ltr'>seqq.</span> <span class='ocrx_word' id='word_1_401' title='bbox 1755 2145 1806 2220; x_wconf 43' lang='lat' dir='ltr'>ni&lt;</span> 
     </span>
    </p>

    <p class='ocr_par' dir='ltr' id='par_1_5' title="bbox 103 2213 1841 3142">
     <span class='ocr_line' id='line_1_27' title="bbox 185 2213 1803 2294; baseline -0.002 -22"><span class='ocrx_word' id='word_1_402' title='bbox 185 2213 226 2285; x_wconf 85' lang='grc' dir='ltr'>ι4.</span> <span class='ocrx_word' id='word_1_403' title='bbox 244 2216 372 2275; x_wconf 85' lang='lat' dir='ltr'>Ceterum</span> <span class='ocrx_word' id='word_1_404' title='bbox 390 2235 458 2276; x_wconf 90' lang='lat' dir='ltr'>onus</span> <span class='ocrx_word' id='word_1_405' title='bbox 477 2218 607 2288; x_wconf 85' lang='lat' dir='ltr'>probandi</span> <span class='ocrx_word' id='word_1_406' title='bbox 627 2216 778 2274; x_wconf 84' lang='lat' dir='ltr'>indebitum</span> <span class='ocrx_word' id='word_1_407' title='bbox 793 2235 859 2286; x_wconf 80' lang='lat' dir='ltr'>esre,</span> <span class='ocrx_word' id='word_1_408' title='bbox 886 2217 958 2287; x_wconf 85' lang='lat' dir='ltr'>quod</span> <span class='ocrx_word' id='word_1_409' title='bbox 987 2221 1009 2277; x_wconf 90' lang='lat' dir='ltr'>si</span> <span class='ocrx_word' id='word_1_410' title='bbox 1026 2217 1187 2294; x_wconf 78' lang='lat' dir='ltr'>transadlio,</span> <span class='ocrx_word' id='word_1_411' title='bbox 1202 2219 1238 2278; x_wconf 92' lang='lat' dir='ltr'>ob</span> <span class='ocrx_word' id='word_1_412' title='bbox 1256 2237 1336 2291; x_wconf 87' lang='lat' dir='ltr'>quam</span> <span class='ocrx_word' id='word_1_413' title='bbox 1353 2219 1473 2279; x_wconf 86' lang='lat' dir='ltr'>solutum</span> <span class='ocrx_word' id='word_1_414' title='bbox 1489 2229 1539 2285; x_wconf 82' lang='lat' dir='ltr'>est,</span> <span class='ocrx_word' id='word_1_415' title='bbox 1556 2214 1592 2272; x_wconf 90' lang='lat' dir='ltr'>ab</span> <span class='ocrx_word' id='word_1_416' title='bbox 1610 2217 1692 2272; x_wconf 89' lang='lat' dir='ltr'>initio</span> <span class='ocrx_word' id='word_1_417' title='bbox 1709 2216 1803 2272; x_wconf 69' lang='lat' dir='ltr'>inuti·</span> 
     </span>
     <span class='ocr_line' id='line_1_28' title="bbox 143 2285 1802 2364; baseline 0 -22"><span class='ocrx_word' id='word_1_418' title='bbox 143 2285 262 2345; x_wconf 85' lang='lat' dir='ltr'>solutum</span> <span class='ocrx_word' id='word_1_419' title='bbox 288 2300 338 2356; x_wconf 86' lang='lat' dir='ltr'>est,</span> <span class='ocrx_word' id='word_1_420' title='bbox 364 2287 499 2347; x_wconf 85' lang='lat' dir='ltr'>incumbit</span> <span class='ocrx_word' id='word_1_421' title='bbox 516 2287 621 2354; x_wconf 67' lang='lat' dir='ltr'>ailotip</span> <span class='ocrx_word' id='word_1_422' title='bbox 648 2290 710 2357; x_wconf 87' lang='lat' dir='ltr'>qula</span> <span class='ocrx_word' id='word_1_423' title='bbox 730 2289 884 2357; x_wconf 76' lang='lat' dir='ltr'>presumtio</span> <span class='ocrx_word' id='word_1_424' title='bbox 909 2307 958 2358; x_wconf 90' lang='lat' dir='ltr'>pro</span> <span class='ocrx_word' id='word_1_425' title='bbox 987 2289 1024 2345; x_wconf 88' lang='lat' dir='ltr'>lis</span> <span class='ocrx_word' id='word_1_426' title='bbox 1040 2288 1135 2364; x_wconf 82' lang='lat' dir='ltr'>fiterit,</span> <span class='ocrx_word' id='word_1_427' title='bbox 1150 2289 1206 2363; x_wconf 87' lang='lat' dir='ltr'>vel,</span> <span class='ocrx_word' id='word_1_428' title='bbox 1221 2307 1284 2348; x_wconf 91' lang='lat' dir='ltr'>cum</span> <span class='ocrx_word' id='word_1_429' title='bbox 1300 2290 1336 2350; x_wconf 90' lang='lat' dir='ltr'>ab</span> <span class='ocrx_word' id='word_1_430' title='bbox 1353 2293 1434 2349; x_wconf 90' lang='lat' dir='ltr'>initio</span> <span class='ocrx_word' id='word_1_431' title='bbox 1450 2285 1743 2362; x_wconf 64' lang='lat' dir='ltr'>substitisse-pmcn</span> <span class='ocrx_word' id='word_1_432' title='bbox 1754 2289 1802 2344; x_wconf 80' lang='lat' dir='ltr'>in·</span> 
     </span>
     <span class='ocr_line' id='line_1_29' title="bbox 145 2355 1797 2448; baseline -0.001 -33"><span class='ocrx_word' id='word_1_433' title='bbox 145 2373 179 2413; x_wconf 87' lang='lat' dir='ltr'>eo</span> <span class='ocrx_word' id='word_1_434' title='bbox 195 2369 247 2442; x_wconf 74' lang='lat' dir='ltr'>est,</span> <span class='ocrx_word' id='word_1_435' title='bbox 263 2365 309 2429; x_wconf 90' lang='lat' dir='ltr'>qui</span> <span class='ocrx_word' id='word_1_436' title='bbox 325 2363 447 2445; x_wconf 61' lang='lat' dir='ltr'>accepim</span> <span class='ocrx_word' id='word_1_437' title='bbox 463 2362 530 2418; x_wconf 89' lang='lat' dir='ltr'>dum</span> <span class='ocrx_word' id='word_1_438' title='bbox 547 2363 580 2427; x_wconf 88' lang='lat' dir='ltr'>is,</span> <span class='ocrx_word' id='word_1_439' title='bbox 597 2361 643 2429; x_wconf 91' lang='lat' dir='ltr'>qui</span> <span class='ocrx_word' id='word_1_440' title='bbox 659 2355 752 2446; x_wconf 77' lang='lat' dir='ltr'>solvit,</span> <span class='ocrx_word' id='word_1_441' title='bbox 772 2377 838 2438; x_wconf 35' lang='lat' dir='ltr'>,non</span> <span class='ocrx_word' id='word_1_442' title='bbox 856 2361 897 2416; x_wconf 88' lang='lat' dir='ltr'>ita</span> <span class='ocrx_word' id='word_1_443' title='bbox 915 2379 958 2418; x_wconf 83' lang='lat' dir='ltr'>te-</span> <span class='ocrx_word' id='word_1_444' title='bbox 988 2360 1093 2448; x_wconf 72' lang='lat' dir='ltr'>iirmata</span> <span class='ocrx_word' id='word_1_445' title='bbox 1109 2365 1156 2446; x_wconf 70' lang='lat' dir='ltr'>sit,</span> <span class='ocrx_word' id='word_1_446' title='bbox 1173 2361 1219 2422; x_wconf 85' lang='lat' dir='ltr'>vel</span> <span class='ocrx_word' id='word_1_447' title='bbox 1234 2363 1338 2422; x_wconf 87' lang='lat' dir='ltr'>credita</span> <span class='ocrx_word' id='word_1_448' title='bbox 1356 2359 1437 2421; x_wconf 88' lang='lat' dir='ltr'>fuerit</span> <span class='ocrx_word' id='word_1_449' title='bbox 1455 2359 1644 2444; x_wconf 58' lang='lat' dir='ltr'>integcesslssd</span> <span class='ocrx_word' id='word_1_450' title='bbox 1661 2375 1716 2431; x_wconf 80' lang='lat' dir='ltr'>qua</span> <span class='ocrx_word' id='word_1_451' title='bbox 1735 2373 1797 2415; x_wconf 84' lang='lat' dir='ltr'>vere</span> 
     </span>
     <span class='ocr_line' id='line_1_30' title="bbox 142 2425 1841 2572; baseline -0.002 -16"><span class='ocrx_word' id='word_1_452' title='bbox 142 2431 397 2572; x_wconf 64' lang='lat' dir='ltr'>indidit:</span> <span class='ocrx_word' id='word_1_453' title='bbox 411 2429 958 2572; x_wconf 54' lang='lat' dir='ltr'>l‘iibiiiiillifiii‘dii:</span> <span class='ocrx_word' id='word_1_454' title='bbox 986 2445 1149 2560; x_wconf 48' lang='lat' dir='ltr'>iiiiii.</span> <span class='ocrx_word' id='word_1_455' title='bbox 1166 2429 1646 2570; x_wconf 62' lang='lat' dir='ltr'>similitudini</span> <span class='ocrx_word' id='word_1_456' title='bbox 1660 2425 1803 2556; x_wconf 55' lang='lat' dir='ltr'>diuisi</span> <span class='ocrx_word' id='word_1_457' title='bbox 1836 2483 1841 2492; x_wconf 91' lang='lat'>·</span> 
     </span>
     <span class='ocr_line' id='line_1_31' title="bbox 143 2566 1806 2645; baseline -0.003 -17"><span class='ocrx_word' id='word_1_458' title='bbox 143 2571 209 2628; x_wconf 75' lang='lat' dir='ltr'>aion.</span> <span class='ocrx_word' id='word_1_459' title='bbox 227 2571 280 2628; x_wconf 84' lang='lat' dir='ltr'>nisi</span> <span class='ocrx_word' id='word_1_460' title='bbox 297 2569 373 2630; x_wconf 73' lang='lat' dir='ltr'>aiior</span> <span class='ocrx_word' id='word_1_461' title='bbox 389 2570 468 2631; x_wconf 90' lang='lat' dir='ltr'>miles</span> <span class='ocrx_word' id='word_1_462' title='bbox 483 2579 529 2643; x_wconf 89' lang='lat' dir='ltr'>slt,</span> <span class='ocrx_word' id='word_1_463' title='bbox 546 2571 710 2641; x_wconf 88' lang='lat' dir='ltr'>autmulier,</span> <span class='ocrx_word' id='word_1_464' title='bbox 726 2585 772 2627; x_wconf 89' lang='lat' dir='ltr'>aut</span> <span class='ocrx_word' id='word_1_465' title='bbox 782 2575 893 2639; x_wconf 66' lang='lat' dir='ltr'>minore</span> <span class='ocrx_word' id='word_1_466' title='bbox 910 2586 957 2630; x_wconf 90' lang='lat' dir='ltr'>aut</span> <span class='ocrx_word' id='word_1_467' title='bbox 986 2591 1034 2644; x_wconf 91' lang='lat' dir='ltr'>pro</span> <span class='ocrx_word' id='word_1_468' title='bbox 1053 2587 1100 2631; x_wconf 87' lang='lat' dir='ltr'>ata</span> <span class='ocrx_word' id='word_1_469' title='bbox 1117 2580 1173 2643; x_wconf 76' lang='lat' dir='ltr'>sit3</span> <span class='ocrx_word' id='word_1_470' title='bbox 1189 2587 1221 2634; x_wconf 85' lang='lat' dir='ltr'>ut</span> <span class='ocrx_word' id='word_1_471' title='bbox 1239 2576 1298 2633; x_wconf 83' lang='lat' dir='ltr'>dixi</span> <span class='ocrx_word' id='word_1_472' title='bbox 1316 2579 1360 2632; x_wconf 78' lang='lat' dir='ltr'>tit.</span> <span class='ocrx_word' id='word_1_473' title='bbox 1378 2573 1411 2630; x_wconf 79' lang='lat' dir='ltr'>de</span> <span class='ocrx_word' id='word_1_474' title='bbox 1431 2573 1550 2645; x_wconf 76' lang='lat' dir='ltr'>jurejur-</span> <span class='ocrx_word' id='word_1_475' title='bbox 1579 2591 1653 2630; x_wconf 81' lang='lat' dir='ltr'>num.</span> <span class='ocrx_word' id='word_1_476' title='bbox 1681 2568 1726 2626; x_wconf 58' lang='lat'>25,</span> <span class='ocrx_word' id='word_1_477' title='bbox 1752 2566 1806 2624; x_wconf 78' lang='lat' dir='ltr'>uel·</span> 
     </span>
     <span class='ocr_line' id='line_1_32' title="bbox 103 2636 1801 2718; baseline 0.001 -24"><span class='ocrx_word' id='word_1_478' title='bbox 103 2710 105 2717; x_wconf 17' lang='grc' dir='ltr'><strong><em>Α</em></strong></span> <span class='ocrx_word' id='word_1_479' title='bbox 145 2636 310 2710; x_wconf 81' lang='lat' dir='ltr'>majorennis</span> <span class='ocrx_word' id='word_1_480' title='bbox 328 2643 445 2715; x_wconf 87' lang='lat' dir='ltr'>quidem,</span> <span class='ocrx_word' id='word_1_481' title='bbox 462 2646 508 2703; x_wconf 85' lang='lat' dir='ltr'>sed</span> <span class='ocrx_word' id='word_1_482' title='bbox 526 2642 684 2716; x_wconf 76' lang='lat' dir='ltr'>agricultor,</span> <span class='ocrx_word' id='word_1_483' title='bbox 702 2646 729 2702; x_wconf 82' lang='lat' dir='ltr'>iia</span> <span class='ocrx_word' id='word_1_484' title='bbox 748 2639 897 2700; x_wconf 84' lang='lat' dir='ltr'>sorensium</span> <span class='ocrx_word' id='word_1_485' title='bbox 914 2662 959 2701; x_wconf 87' lang='lat' dir='ltr'>re·</span> <span class='ocrx_word' id='word_1_486' title='bbox 986 2647 1127 2704; x_wconf 79' lang='lat' dir='ltr'>sententia</span> <span class='ocrx_word' id='word_1_487' title='bbox 1144 2663 1178 2703; x_wconf 84' lang='lat' dir='ltr'>ex</span> <span class='ocrx_word' id='word_1_488' title='bbox 1195 2644 1272 2704; x_wconf 85' lang='lat' dir='ltr'>falsis</span> <span class='ocrx_word' id='word_1_489' title='bbox 1288 2642 1495 2718; x_wconf 77' lang='lat' dir='ltr'>allegationibus</span> <span class='ocrx_word' id='word_1_490' title='bbox 1513 2641 1573 2700; x_wconf 80' lang='lat' dir='ltr'>lata</span> <span class='ocrx_word' id='word_1_491' title='bbox 1591 2637 1742 2699; x_wconf 77' lang='lat' dir='ltr'>auiioritas</span> <span class='ocrx_word' id='word_1_492' title='bbox 1757 2655 1801 2695; x_wconf 90' lang='lat' dir='ltr'>re·</span> 
     </span>
     <span class='ocr_line' id='line_1_33' title="bbox 144 2705 1803 2790; baseline 0 -22"><span class='ocrx_word' id='word_1_493' title='bbox 144 2726 205 2768; x_wconf 81' lang='lat' dir='ltr'>tum</span> <span class='ocrx_word' id='word_1_494' title='bbox 221 2731 324 2784; x_wconf 77' lang='lat' dir='ltr'>expers,</span> <span class='ocrx_word' id='word_1_495' title='bbox 341 2715 385 2771; x_wconf 85' lang='lat' dir='ltr'>vel</span> <span class='ocrx_word' id='word_1_496' title='bbox 403 2714 577 2786; x_wconf 82' lang='lat' dir='ltr'>simplicitate</span> <span class='ocrx_word' id='word_1_497' title='bbox 593 2715 730 2787; x_wconf 78' lang='lat' dir='ltr'>gaudens5</span> <span class='ocrx_word' id='word_1_498' title='bbox 747 2719 844 2785; x_wconf 81' lang='lat' dir='ltr'>quippe</span> <span class='ocrx_word' id='word_1_499' title='bbox 861 2715 908 2786; x_wconf 89' lang='lat' dir='ltr'>qui</span> <span class='ocrx_word' id='word_1_500' title='bbox 926 2731 959 2769; x_wconf 87' lang='lat' dir='ltr'>o·</span> <span class='ocrx_word' id='word_1_501' title='bbox 985 2721 1067 2774; x_wconf 86' lang='lat' dir='ltr'>scissa</span> <span class='ocrx_word' id='word_1_502' title='bbox 1083 2719 1129 2787; x_wconf 89' lang='lat' dir='ltr'>sit,</span> <span class='ocrx_word' id='word_1_503' title='bbox 1146 2729 1177 2774; x_wconf 91' lang='lat' dir='ltr'>ut</span> <span class='ocrx_word' id='word_1_504' title='bbox 1194 2717 1312 2787; x_wconf 84' lang='lat' dir='ltr'>explicui</span> <span class='ocrx_word' id='word_1_505' title='bbox 1329 2733 1348 2774; x_wconf 79' lang='lat' dir='ltr'>e.</span> <span class='ocrx_word' id='word_1_506' title='bbox 1360 2711 1480 2790; x_wconf 75' lang='lat' dir='ltr'>familie</span> <span class='ocrx_word' id='word_1_507' title='bbox 1496 2716 1587 2770; x_wconf 75' lang='lat' dir='ltr'>ercisc.</span> <span class='ocrx_word' id='word_1_508' title='bbox 1602 2731 1678 2769; x_wconf 83' lang='lat' dir='ltr'>num.</span> <span class='ocrx_word' id='word_1_509' title='bbox 1695 2705 1739 2777; x_wconf 81' lang='grc'>54.</span> <span class='ocrx_word' id='word_1_510' title='bbox 1756 2705 1803 2765; x_wconf 81' lang='lat' dir='ltr'>vei</span> 
     </span>
     <span class='ocr_line' id='line_1_34' title="bbox 143 2777 1802 2858; baseline -0.001 -22"><span class='ocrx_word' id='word_1_511' title='bbox 143 2798 220 2838; x_wconf 80' lang='lat' dir='ltr'>mnes</span> <span class='ocrx_word' id='word_1_512' title='bbox 237 2784 267 2840; x_wconf 87' lang='lat' dir='ltr'>in</span> <span class='ocrx_word' id='word_1_513' title='bbox 285 2787 468 2844; x_wconf 85' lang='lat' dir='ltr'>adversarium</span> <span class='ocrx_word' id='word_1_514' title='bbox 485 2782 612 2856; x_wconf 87' lang='lat' dir='ltr'>rejiciunt</span> <span class='ocrx_word' id='word_1_515' title='bbox 629 2783 762 2855; x_wconf 88' lang='lat' dir='ltr'>probandi</span> <span class='ocrx_word' id='word_1_516' title='bbox 787 2801 866 2856; x_wconf 87' lang='lat' dir='ltr'>onus,</span> <span class='ocrx_word' id='word_1_517' title='bbox 890 2783 916 2839; x_wconf 77' lang='lat' dir='ltr'>d</span> <span class='ocrx_word' id='word_1_518' title='bbox 936 2785 956 2840; x_wconf 90' lang='lat' dir='ltr'>l.</span> <span class='ocrx_word' id='word_1_519' title='bbox 987 2787 1073 2857; x_wconf 90' lang='lat' dir='ltr'>is‚qui</span> <span class='ocrx_word' id='word_1_520' title='bbox 1091 2787 1286 2845; x_wconf 85' lang='lat' dir='ltr'>condemnatus</span> <span class='ocrx_word' id='word_1_521' title='bbox 1302 2798 1371 2858; x_wconf 89' lang='lat' dir='ltr'>erat,</span> <span class='ocrx_word' id='word_1_522' title='bbox 1379 2797 1410 2843; x_wconf 94' lang='lat' dir='ltr'>ut</span> <span class='ocrx_word' id='word_1_523' title='bbox 1426 2782 1552 2841; x_wconf 86' lang='lat' dir='ltr'>debiturn</span> <span class='ocrx_word' id='word_1_524' title='bbox 1566 2781 1701 2851; x_wconf 83' lang='lat' dir='ltr'>quoddam</span> <span class='ocrx_word' id='word_1_525' title='bbox 1709 2777 1802 2836; x_wconf 83' lang='lat' dir='ltr'>solve·</span> 
     </span>
     <span class='ocr_line' id='line_1_35' title="bbox 142 2847 1799 2929; baseline -0.002 -19"><span class='ocrx_word' id='word_1_526' title='bbox 142 2854 186 2911; x_wconf 63' lang='lat' dir='ltr'>ab</span> <span class='ocrx_word' id='word_1_527' title='bbox 205 2847 231 2923; x_wconf 73' lang='lat'>§-</span> <span class='ocrx_word' id='word_1_528' title='bbox 254 2873 278 2911; x_wconf 87' lang='grc' dir='ltr'>ι.</span> <span class='ocrx_word' id='word_1_529' title='bbox 297 2853 340 2912; x_wconf 81' lang='lat' dir='ltr'>vel</span> <span class='ocrx_word' id='word_1_530' title='bbox 358 2861 409 2912; x_wconf 85' lang='lat' dir='ltr'>nisi</span> <span class='ocrx_word' id='word_1_531' title='bbox 428 2873 490 2914; x_wconf 87' lang='lat' dir='ltr'>reus</span> <span class='ocrx_word' id='word_1_532' title='bbox 506 2854 557 2912; x_wconf 86' lang='lat' dir='ltr'>hac</span> <span class='ocrx_word' id='word_1_533' title='bbox 574 2867 725 2915; x_wconf 85' lang='lat' dir='ltr'>conventus</span> <span class='ocrx_word' id='word_1_534' title='bbox 741 2849 857 2926; x_wconf 68' lang='lat' dir='ltr'>abbione,</span> <span class='ocrx_word' id='word_1_535' title='bbox 875 2873 959 2929; x_wconf 82' lang='lat' dir='ltr'>nega-</span> <span class='ocrx_word' id='word_1_536' title='bbox 987 2871 1038 2927; x_wconf 88' lang='lat' dir='ltr'>ret,</span> <span class='ocrx_word' id='word_1_537' title='bbox 1059 2869 1118 2926; x_wconf 84' lang='lat' dir='ltr'>post</span> <span class='ocrx_word' id='word_1_538' title='bbox 1135 2855 1300 2915; x_wconf 88' lang='lat' dir='ltr'>solutionem</span> <span class='ocrx_word' id='word_1_539' title='bbox 1317 2873 1353 2914; x_wconf 82' lang='lat' dir='ltr'>ex</span> <span class='ocrx_word' id='word_1_540' title='bbox 1371 2855 1603 2913; x_wconf 69' lang='lat' dir='ltr'>condemnatione</span> <span class='ocrx_word' id='word_1_541' title='bbox 1628 2849 1728 2909; x_wconf 72' lang='lat' dir='ltr'>latius</span> <span class='ocrx_word' id='word_1_542' title='bbox 1755 2869 1799 2906; x_wconf 85' lang='lat' dir='ltr'>re·</span> 
     </span>
     <span class='ocr_line' id='line_1_36' title="bbox 146 2922 1800 2998; baseline 0 -20"><span class='ocrx_word' id='word_1_543' title='bbox 146 2929 216 2984; x_wconf 81' lang='lat' dir='ltr'>verit</span> <span class='ocrx_word' id='word_1_544' title='bbox 233 2924 399 2982; x_wconf 85' lang='lat' dir='ltr'>solutionem</span> <span class='ocrx_word' id='word_1_545' title='bbox 416 2925 470 2982; x_wconf 88' lang='lat' dir='ltr'>sibi</span> <span class='ocrx_word' id='word_1_546' title='bbox 490 2923 589 2985; x_wconf 71' lang='lat' dir='ltr'>sadiam</span> <span class='ocrx_word' id='word_1_547' title='bbox 605 2943 675 2997; x_wconf 85' lang='lat' dir='ltr'>esse,</span> <span class='ocrx_word' id='word_1_548' title='bbox 689 2931 717 2985; x_wconf 83' lang='lat' dir='ltr'>dr</span> <span class='ocrx_word' id='word_1_549' title='bbox 735 2925 875 2984; x_wconf 88' lang='lat' dir='ltr'>mendacii</span> <span class='ocrx_word' id='word_1_550' title='bbox 890 2945 957 2984; x_wconf 85' lang='lat' dir='ltr'>con·</span> <span class='ocrx_word' id='word_1_551' title='bbox 986 2932 1081 2998; x_wconf 85' lang='lat' dir='ltr'>peterit</span> <span class='ocrx_word' id='word_1_552' title='bbox 1098 2927 1232 2996; x_wconf 80' lang='lat' dir='ltr'>apocham</span> <span class='ocrx_word' id='word_1_553' title='bbox 1249 2944 1300 2998; x_wconf 88' lang='lat' dir='ltr'>qua</span> <span class='ocrx_word' id='word_1_554' title='bbox 1320 2927 1348 2985; x_wconf 91' lang='lat' dir='ltr'>id</span> <span class='ocrx_word' id='word_1_555' title='bbox 1364 2923 1488 2984; x_wconf 86' lang='lat' dir='ltr'>debitum</span> <span class='ocrx_word' id='word_1_556' title='bbox 1505 2922 1559 2998; x_wconf 78' lang='lat' dir='ltr'>jam</span> <span class='ocrx_word' id='word_1_557' title='bbox 1575 2922 1800 2982; x_wconf 86' lang='lat' dir='ltr'>antelitemmo-</span> 
     </span>
     <span class='ocr_line' id='line_1_37' title="bbox 140 2991 1801 3068; baseline 0.001 -20"><span class='ocrx_word' id='word_1_558' title='bbox 140 2997 288 3064; x_wconf 59' lang='lat' dir='ltr'>&#39;vineatum</span> <span class='ocrx_word' id='word_1_559' title='bbox 306 3007 373 3052; x_wconf 89' lang='lat' dir='ltr'>tunc</span> <span class='ocrx_word' id='word_1_560' title='bbox 390 2999 474 3068; x_wconf 90' lang='lat' dir='ltr'>enim,</span> <span class='ocrx_word' id='word_1_561' title='bbox 492 3002 555 3066; x_wconf 88' lang='lat' dir='ltr'>quia</span> <span class='ocrx_word' id='word_1_562' title='bbox 572 2996 655 3052; x_wconf 89' lang='lat' dir='ltr'>semel</span> <span class='ocrx_word' id='word_1_563' title='bbox 685 3004 714 3053; x_wconf 90' lang='lat' dir='ltr'>in</span> <span class='ocrx_word' id='word_1_564' title='bbox 743 2997 886 3055; x_wconf 88' lang='lat' dir='ltr'>mendacio</span> <span class='ocrx_word' id='word_1_565' title='bbox 910 2998 957 3056; x_wconf 92' lang='lat' dir='ltr'>de·</span> <span class='ocrx_word' id='word_1_566' title='bbox 986 3012 1043 3054; x_wconf 85' lang='lat' dir='ltr'>tam</span> <span class='ocrx_word' id='word_1_567' title='bbox 1061 3011 1111 3054; x_wconf 88' lang='lat' dir='ltr'>aut</span> <span class='ocrx_word' id='word_1_568' title='bbox 1132 2996 1216 3055; x_wconf 83' lang='lat' dir='ltr'>latam</span> <span class='ocrx_word' id='word_1_569' title='bbox 1234 2994 1535 3056; x_wconf 85' lang='lat' dir='ltr'>sententiamaolutum</span> <span class='ocrx_word' id='word_1_570' title='bbox 1553 3007 1643 3066; x_wconf 80' lang='lat' dir='ltr'>patet:</span> <span class='ocrx_word' id='word_1_571' title='bbox 1664 2994 1748 3062; x_wconf 85' lang='lat' dir='ltr'>petita</span> <span class='ocrx_word' id='word_1_572' title='bbox 1769 2991 1801 3045; x_wconf 77' lang='lat' dir='ltr'>in</span> 
     </span>
     <span class='ocr_line' id='line_1_38' title="bbox 142 3059 1804 3142; baseline 0.002 -24"><span class='ocrx_word' id='word_1_573' title='bbox 142 3061 299 3135; x_wconf 78' lang='lat' dir='ltr'>prehensus,</span> <span class='ocrx_word' id='word_1_574' title='bbox 316 3076 397 3135; x_wconf 85' lang='lat' dir='ltr'>atque</span> <span class='ocrx_word' id='word_1_575' title='bbox 415 3068 454 3122; x_wconf 85' lang='lat' dir='ltr'>ita</span> <span class='ocrx_word' id='word_1_576' title='bbox 472 3066 559 3122; x_wconf 84' lang='lat' dir='ltr'>malus</span> <span class='ocrx_word' id='word_1_577' title='bbox 576 3064 890 3138; x_wconf 86' lang='lat' dir='ltr'>probatus,·deincepsin</span> <span class='ocrx_word' id='word_1_578' title='bbox 909 3086 957 3126; x_wconf 87' lang='lat' dir='ltr'>eo·</span> <span class='ocrx_word' id='word_1_579' title='bbox 985 3085 1066 3126; x_wconf 85' lang='lat' dir='ltr'>outne</span> <span class='ocrx_word' id='word_1_580' title='bbox 1084 3082 1213 3128; x_wconf 82' lang='lat' dir='ltr'>eventum</span> <span class='ocrx_word' id='word_1_581' title='bbox 1232 3069 1262 3124; x_wconf 90' lang='lat' dir='ltr'>in</span> <span class='ocrx_word' id='word_1_582' title='bbox 1280 3071 1418 3142; x_wconf 85' lang='lat' dir='ltr'>integrum</span> <span class='ocrx_word' id='word_1_583' title='bbox 1436 3067 1610 3125; x_wconf 83' lang='lat' dir='ltr'>restitutione</span> <span class='ocrx_word' id='word_1_584' title='bbox 1628 3066 1754 3123; x_wconf 81' lang='lat' dir='ltr'>adversus</span> <span class='ocrx_word' id='word_1_585' title='bbox 1765 3059 1804 3122; x_wconf 80' lang='lat' dir='ltr'>il-</span> 
     </span>
    </p>
   </div>
   <div class='ocr_carea' id='block_1_4' title="bbox 143 3133 1915 3215">
    <p class='ocr_par' dir='ltr' id='par_1_6' title="bbox 143 3133 1915 3215">
     <span class='ocr_line' id='line_1_39' title="bbox 143 3133 1915 3215; baseline -0.002 -23"><span class='ocrx_word' id='word_1_586' title='bbox 143 3135 207 3192; x_wconf 80' lang='lat' dir='ltr'>dem</span> <span class='ocrx_word' id='word_1_587' title='bbox 224 3134 290 3188; x_wconf 87' lang='lat' dir='ltr'>mali</span> <span class='ocrx_word' id='word_1_588' title='bbox 332 3152 411 3192; x_wconf 83' lang='lat' dir='ltr'>enere</span> <span class='ocrx_word' id='word_1_589' title='bbox 437 3153 546 3207; x_wconf 48' lang='lat' dir='ltr'>semper¹</span> <span class='ocrx_word' id='word_1_590' title='bbox 568 3136 664 3206; x_wconf 84' lang='lat' dir='ltr'>malas,</span> <span class='ocrx_word' id='word_1_591' title='bbox 690 3139 809 3211; x_wconf 86' lang='lat' dir='ltr'>adeoque</span> <span class='ocrx_word' id='word_1_592' title='bbox 836 3140 955 3197; x_wconf 86' lang='lat' dir='ltr'>mendax</span> <span class='ocrx_word' id='word_1_593' title='bbox 987 3139 1041 3196; x_wconf 89' lang='lat' dir='ltr'>lam</span> <span class='ocrx_word' id='word_1_594' title='bbox 1058 3141 1098 3197; x_wconf 88' lang='lat' dir='ltr'>rei</span> <span class='ocrx_word' id='word_1_595' title='bbox 1116 3134 1240 3208; x_wconf 76' lang='lat' dir='ltr'>judicata</span> <span class='ocrx_word' id='word_1_596' title='bbox 1258 3137 1548 3208; x_wconf 71' lang='lat' dir='ltr'>audloritatemquum</span> <span class='ocrx_word' id='word_1_597' title='bbox 1565 3133 1619 3194; x_wconf 87' lang='lat' dir='ltr'>hoc</span> <span class='ocrx_word' id='word_1_598' title='bbox 1634 3137 1800 3191; x_wconf 84' lang='lat' dir='ltr'>incasura·</span> <span class='ocrx_word' id='word_1_599' title='bbox 1909 3197 1915 3215; x_wconf 24' lang='lat' dir='ltr'>x</span> 
     </span>
    </p>
   </div>
   <div class='ocr_carea' id='block_1_5' title="bbox 66 3199 1811 4934">
    <p class='ocr_par' dir='ltr' id='par_1_7' title="bbox 66 3199 1811 4934">
     <span class='ocr_line' id='line_1_40' title="bbox 142 3199 1802 3282; baseline -0.011 -7"><span class='ocrx_word' id='word_1_600' title='bbox 142 3206 266 3275; x_wconf 68' lang='lat' dir='ltr'>presumi</span> <span class='ocrx_word' id='word_1_601' title='bbox 283 3205 317 3262; x_wconf 77' lang='lat' dir='ltr'>de</span> <span class='ocrx_word' id='word_1_602' title='bbox 353 3218 374 3277; x_wconf 91' lang='lat' dir='ltr'>t,</span> <span class='ocrx_word' id='word_1_603' title='bbox 392 3217 424 3260; x_wconf 79' lang='lat' dir='ltr'>e&#39;a</span> <span class='ocrx_word' id='word_1_604' title='bbox 441 3205 507 3278; x_wconf 81' lang='lat' dir='ltr'>juris</span> <span class='ocrx_word' id='word_1_605' title='bbox 525 3209 687 3278; x_wconf 73' lang='lat' dir='ltr'>presumtio,</span> <span class='ocrx_word' id='word_1_606' title='bbox 712 3223 809 3266; x_wconf 83' lang='lat' dir='ltr'>contra</span> <span class='ocrx_word' id='word_1_607' title='bbox 836 3225 899 3267; x_wconf 85' lang='lat' dir='ltr'>eum</span> <span class='ocrx_word' id='word_1_608' title='bbox 922 3225 957 3267; x_wconf 87' lang='lat' dir='ltr'>ex</span> <span class='ocrx_word' id='word_1_609' title='bbox 988 3226 1045 3269; x_wconf 89' lang='lat' dir='ltr'>tam</span> <span class='ocrx_word' id='word_1_610' title='bbox 1062 3225 1192 3281; x_wconf 85' lang='lat' dir='ltr'>menete,</span> <span class='ocrx_word' id='word_1_611' title='bbox 1211 3209 1336 3280; x_wconf 87' lang='lat' dir='ltr'>iniquum</span> <span class='ocrx_word' id='word_1_612' title='bbox 1352 3225 1459 3282; x_wconf 79' lang='lat' dir='ltr'>proruas</span> <span class='ocrx_word' id='word_1_613' title='bbox 1477 3203 1547 3265; x_wconf 69' lang='lat' dir='ltr'>loru</span> <span class='ocrx_word' id='word_1_614' title='bbox 1575 3224 1632 3280; x_wconf 84' lang='lat' dir='ltr'>arg.</span> <span class='ocrx_word' id='word_1_615' title='bbox 1651 3206 1672 3260; x_wconf 86' lang='lat' dir='ltr'>l.</span> <span class='ocrx_word' id='word_1_616' title='bbox 1689 3205 1713 3260; x_wconf 84' lang='lat' dir='ltr'>si</span> <span class='ocrx_word' id='word_1_617' title='bbox 1725 3199 1802 3276; x_wconf 77' lang='lat' dir='ltr'>falle</span> 
     </span>
     <span class='ocr_line' id='line_1_41' title="bbox 142 3246 1800 3362; baseline -0.015 -11"><span class='ocrx_word' id='word_1_618' title='bbox 142 3278 287 3360; x_wconf 49' lang='lat' dir='ltr'>⁰²&amp;ssss</span> <span class='ocrx_word' id='word_1_619' title='bbox 304 3277 466 3348; x_wconf 58' lang='lat' dir='ltr'>imiimi</span> <span class='ocrx_word' id='word_1_620' title='bbox 484 3293 559 3348; x_wconf 58' lang='grc' dir='ltr'>ΜΗ,</span> <span class='ocrx_word' id='word_1_621' title='bbox 576 3280 693 3336; x_wconf 59' lang='lat' dir='ltr'>“indm</span> <span class='ocrx_word' id='word_1_622' title='bbox 711 3279 843 3348; x_wconf 73' lang='lat' dir='ltr'>ii⁰b²ndi</span> <span class='ocrx_word' id='word_1_623' title='bbox 860 3290 957 3354; x_wconf 66' lang='lat' dir='ltr'>giwii</span> <span class='ocrx_word' id='word_1_624' title='bbox 986 3279 1061 3354; x_wconf 82' lang='lat' dir='ltr'><em>²·ff·</em></span> <span class='ocrx_word' id='word_1_625' title='bbox 1080 3279 1113 3337; x_wconf 76' lang='lat' dir='ltr'>dc</span> <span class='ocrx_word' id='word_1_626' title='bbox 1129 3280 1242 3338; x_wconf 65' lang='lat' dir='ltr'>condidi.</span> <span class='ocrx_word' id='word_1_627' title='bbox 1260 3281 1316 3338; x_wconf 85' lang='lat' dir='ltr'>sine</span> <span class='ocrx_word' id='word_1_628' title='bbox 1340 3299 1434 3345; x_wconf 83' lang='lat' dir='ltr'>cauta,</span> <span class='ocrx_word' id='word_1_629' title='bbox 1460 3272 1521 3334; x_wconf 81' lang='lat' dir='ltr'>iola.</span> <span class='ocrx_word' id='word_1_630' title='bbox 1538 3246 1633 3348; x_wconf 67' lang='lat' dir='ltr'>lapan</span> <span class='ocrx_word' id='word_1_631' title='bbox 1649 3269 1695 3362; x_wconf 63' lang='lat' dir='ltr'>lii.</span> <span class='ocrx_word' id='word_1_632' title='bbox 1716 3289 1800 3359; x_wconf 39' lang='lat' dir='ltr'>rose.</span> 
     </span>
     <span class='ocr_line' id='line_1_42' title="bbox 142 3344 1803 3419; baseline -0.002 -17"><span class='ocrx_word' id='word_1_633' title='bbox 142 3347 446 3417; x_wconf 63' lang='lat' dir='ltr'>remisissetis.</span> <span class='ocrx_word' id='word_1_634' title='bbox 464 3363 501 3418; x_wconf 72' lang='lat' dir='ltr'>pr.</span> <span class='ocrx_word' id='word_1_635' title='bbox 518 3345 551 3418; x_wconf 83' lang='lat' dir='ltr'>ff.</span> <span class='ocrx_word' id='word_1_636' title='bbox 559 3347 592 3404; x_wconf 78' lang='lat' dir='ltr'>le</span> <span class='ocrx_word' id='word_1_637' title='bbox 605 3347 749 3419; x_wconf 74' lang='lat' dir='ltr'>probation.</span> <span class='ocrx_word' id='word_1_638' title='bbox 766 3350 895 3409; x_wconf 83' lang='lat' dir='ltr'>Probasee</span> <span class='ocrx_word' id='word_1_639' title='bbox 909 3370 957 3410; x_wconf 90' lang='lat' dir='ltr'>au·</span> <span class='ocrx_word' id='word_1_640' title='bbox 984 3351 1013 3410; x_wconf 84' lang='lat'>6.</span> <span class='ocrx_word' id='word_1_641' title='bbox 1029 3367 1085 3410; x_wconf 73' lang='lat' dir='ltr'>art.</span> <span class='ocrx_word' id='word_1_642' title='bbox 1106 3370 1129 3408; x_wconf 92' lang='grc' dir='ltr'>ι.</span> <span class='ocrx_word' id='word_1_643' title='bbox 1147 3349 1284 3411; x_wconf 63' lang='lat' dir='ltr'>Castalius</span> <span class='ocrx_word' id='word_1_644' title='bbox 1312 3353 1349 3409; x_wconf 91' lang='lat' dir='ltr'>ad</span> <span class='ocrx_word' id='word_1_645' title='bbox 1374 3348 1402 3405; x_wconf 84' lang='lat' dir='ltr'>d.</span> <span class='ocrx_word' id='word_1_646' title='bbox 1421 3349 1487 3404; x_wconf 83' lang='lat' dir='ltr'>l..a.</span> <span class='ocrx_word' id='word_1_647' title='bbox 1529 3389 1536 3402; x_wconf 94' lang='lat'><strong>.</strong></span> <span class='ocrx_word' id='word_1_648' title='bbox 1554 3347 1591 3402; x_wconf 79' lang='lat' dir='ltr'>de</span> <span class='ocrx_word' id='word_1_649' title='bbox 1613 3344 1725 3403; x_wconf 71' lang='lat' dir='ltr'>condidi.</span> <span class='ocrx_word' id='word_1_650' title='bbox 1743 3359 1803 3400; x_wconf 74' lang='lat' dir='ltr'>siut</span> 
     </span>
     <span class='ocr_line' id='line_1_43' title="bbox 66 3411 1802 3489; baseline -0.005 -13"><span class='ocrx_word' id='word_1_651' title='bbox 66 3439 73 3452; x_wconf 90' lang='lat'><em>·</em></span> <span class='ocrx_word' id='word_1_652' title='bbox 143 3431 201 3477; x_wconf 86' lang='lat' dir='ltr'>tem</span> <span class='ocrx_word' id='word_1_653' title='bbox 219 3417 335 3476; x_wconf 84' lang='lat' dir='ltr'>indebiti</span> <span class='ocrx_word' id='word_1_654' title='bbox 352 3417 516 3478; x_wconf 88' lang='lat' dir='ltr'>solutionem</span> <span class='ocrx_word' id='word_1_655' title='bbox 535 3417 610 3477; x_wconf 75' lang='lat' dir='ltr'>ailon</span> <span class='ocrx_word' id='word_1_656' title='bbox 629 3423 702 3478; x_wconf 89' lang='lat' dir='ltr'>inter</span> <span class='ocrx_word' id='word_1_657' title='bbox 716 3421 772 3478; x_wconf 84' lang='lat' dir='ltr'>alia</span> <span class='ocrx_word' id='word_1_658' title='bbox 798 3425 827 3482; x_wconf 81' lang='lat' dir='ltr'>dr</span> <span class='ocrx_word' id='word_1_659' title='bbox 844 3436 911 3480; x_wconf 89' lang='lat' dir='ltr'>tunc</span> <span class='ocrx_word' id='word_1_660' title='bbox 927 3441 957 3481; x_wconf 92' lang='lat' dir='ltr'>e-</span> <span class='ocrx_word' id='word_1_661' title='bbox 986 3443 1081 3482; x_wconf 80' lang='lat' dir='ltr'>causa.</span> <span class='ocrx_word' id='word_1_662' title='bbox 1097 3419 1128 3479; x_wconf 82' lang='lat' dir='ltr'>st</span> <span class='ocrx_word' id='word_1_663' title='bbox 1147 3436 1239 3480; x_wconf 77' lang='lat' dir='ltr'>tarmen</span> <span class='ocrx_word' id='word_1_664' title='bbox 1256 3419 1293 3480; x_wconf 90' lang='lat' dir='ltr'>ob</span> <span class='ocrx_word' id='word_1_665' title='bbox 1311 3438 1370 3481; x_wconf 86' lang='lat' dir='ltr'>rem</span> <span class='ocrx_word' id='word_1_666' title='bbox 1387 3419 1482 3477; x_wconf 85' lang='lat' dir='ltr'>nond</span> <span class='ocrx_word' id='word_1_667' title='bbox 1507 3432 1601 3476; x_wconf 79' lang='lat' dir='ltr'>ensem</span> <span class='ocrx_word' id='word_1_668' title='bbox 1618 3421 1677 3489; x_wconf 85' lang='lat' dir='ltr'>quis</span> <span class='ocrx_word' id='word_1_669' title='bbox 1694 3411 1802 3472; x_wconf 87' lang='lat' dir='ltr'>solvere</span> 
     </span>
     <span class='ocr_line' id='line_1_44' title="bbox 142 3485 1801 3564; baseline -0.019 5"><span class='ocrx_word' id='word_1_670' title='bbox 142 3490 325 3549; x_wconf 53' lang='lat' dir='ltr'>’mmm</span> <span class='ocrx_word' id='word_1_671' title='bbox 340 3502 390 3562; x_wconf 66' lang='lat' dir='ltr'>0³tt</span> <span class='ocrx_word' id='word_1_672' title='bbox 406 3507 468 3549; x_wconf 60' lang='lat' dir='ltr'>⁰1²¹ss</span> <span class='ocrx_word' id='word_1_673' title='bbox 486 3491 554 3548; x_wconf 89' lang='lat' dir='ltr'>duas</span> <span class='ocrx_word' id='word_1_674' title='bbox 579 3489 666 3550; x_wconf 89' lang='lat' dir='ltr'>debiti</span> <span class='ocrx_word' id='word_1_675' title='bbox 681 3488 801 3560; x_wconf 67' lang='lat' dir='ltr'>elssidem</span> <span class='ocrx_word' id='word_1_676' title='bbox 825 3489 957 3563; x_wconf 68' lang='lat' dir='ltr'>epochei,</span> <span class='ocrx_word' id='word_1_677' title='bbox 985 3494 1182 3552; x_wconf 85' lang='lat' dir='ltr'>condemnatus</span> <span class='ocrx_word' id='word_1_678' title='bbox 1200 3491 1294 3564; x_wconf 85' lang='lat' dir='ltr'>fuerit,</span> <span class='ocrx_word' id='word_1_679' title='bbox 1312 3490 1433 3550; x_wconf 87' lang='lat' dir='ltr'>solutum</span> <span class='ocrx_word' id='word_1_680' title='bbox 1449 3506 1506 3546; x_wconf 89' lang='lat' dir='ltr'>non</span> <span class='ocrx_word' id='word_1_681' title='bbox 1524 3489 1630 3557; x_wconf 84' lang='lat' dir='ltr'>repetit,</span> <span class='ocrx_word' id='word_1_682' title='bbox 1647 3485 1698 3543; x_wconf 87' lang='lat' dir='ltr'>ersi</span> <span class='ocrx_word' id='word_1_683' title='bbox 1707 3493 1801 3554; x_wconf 71' lang='lat' dir='ltr'>postea</span> 
     </span>
     <span class='ocr_line' id='line_1_45' title="bbox 144 3553 1802 3636; baseline -0.005 -18"><span class='ocrx_word' id='word_1_684' title='bbox 144 3559 258 3618; x_wconf 78' lang='lat' dir='ltr'>diversis</span> <span class='ocrx_word' id='word_1_685' title='bbox 282 3563 447 3630; x_wconf 85' lang='lat' dir='ltr'>conscriptas</span> <span class='ocrx_word' id='word_1_686' title='bbox 474 3561 648 3635; x_wconf 82' lang='lat' dir='ltr'>temporibus,</span> <span class='ocrx_word' id='word_1_687' title='bbox 686 3579 799 3633; x_wconf 87' lang='lat' dir='ltr'>quarum</span> <span class='ocrx_word' id='word_1_688' title='bbox 826 3564 957 3633; x_wconf 85' lang='lat' dir='ltr'>posterior</span> <span class='ocrx_word' id='word_1_689' title='bbox 985 3563 1128 3622; x_wconf 87' lang='lat' dir='ltr'>defendere</span> <span class='ocrx_word' id='word_1_690' title='bbox 1143 3577 1252 3634; x_wconf 90' lang='lat' dir='ltr'>paratus</span> <span class='ocrx_word' id='word_1_691' title='bbox 1268 3565 1314 3633; x_wconf 91' lang='lat' dir='ltr'>sit,</span> <span class='ocrx_word' id='word_1_692' title='bbox 1332 3565 1362 3621; x_wconf 81' lang='lat' dir='ltr'>dr</span> <span class='ocrx_word' id='word_1_693' title='bbox 1380 3555 1452 3616; x_wconf 88' lang='lat' dir='ltr'>nihil</span> <span class='ocrx_word' id='word_1_694' title='bbox 1466 3557 1558 3616; x_wconf 86' lang='lat' dir='ltr'>deberi</span> <span class='ocrx_word' id='word_1_695' title='bbox 1585 3557 1680 3614; x_wconf 86' lang='lat' dir='ltr'>docete</span> <span class='ocrx_word' id='word_1_696' title='bbox 1698 3553 1802 3636; x_wconf 67' lang='lat' dir='ltr'>possita</span> 
     </span>
     <span class='ocr_line' id='line_1_46' title="bbox 144 3623 1802 3712; baseline -0.008 -24"><span class='ocrx_word' id='word_1_697' title='bbox 144 3630 249 3688; x_wconf 84' lang='lat' dir='ltr'>nullam</span> <span class='ocrx_word' id='word_1_698' title='bbox 267 3631 365 3702; x_wconf 87' lang='lat' dir='ltr'>prioris</span> <span class='ocrx_word' id='word_1_699' title='bbox 382 3634 552 3691; x_wconf 88' lang='lat' dir='ltr'>mentionem</span> <span class='ocrx_word' id='word_1_700' title='bbox 570 3633 663 3706; x_wconf 83' lang='lat' dir='ltr'>habet,</span> <span class='ocrx_word' id='word_1_701' title='bbox 672 3635 814 3702; x_wconf 87' lang='lat' dir='ltr'>producit:</span> <span class='ocrx_word' id='word_1_702' title='bbox 830 3635 862 3692; x_wconf 88' lang='lat' dir='ltr'>in</span> <span class='ocrx_word' id='word_1_703' title='bbox 872 3651 957 3706; x_wconf 86' lang='lat' dir='ltr'>quan-</span> <span class='ocrx_word' id='word_1_704' title='bbox 986 3653 1021 3693; x_wconf 82' lang='lat' dir='ltr'>eo</span> <span class='ocrx_word' id='word_1_705' title='bbox 1036 3636 1107 3706; x_wconf 82' lang='lat' dir='ltr'>quod</span> <span class='ocrx_word' id='word_1_706' title='bbox 1125 3651 1181 3692; x_wconf 78' lang='lat' dir='ltr'>non</span> <span class='ocrx_word' id='word_1_707' title='bbox 1198 3647 1256 3690; x_wconf 82' lang='lat' dir='ltr'>tam</span> <span class='ocrx_word' id='word_1_708' title='bbox 1274 3631 1437 3701; x_wconf 70' lang='lat' dir='ltr'>indebitum,</span> <span class='ocrx_word' id='word_1_709' title='bbox 1454 3644 1537 3701; x_wconf 80' lang='lat' dir='ltr'>quam</span> <span class='ocrx_word' id='word_1_710' title='bbox 1553 3633 1641 3712; x_wconf 60' lang='lat' dir='ltr'>petius</span> <span class='ocrx_word' id='word_1_711' title='bbox 1659 3623 1802 3712; x_wconf 66' lang='lat' dir='ltr'>negligen-</span> 
     </span>
     <span class='ocr_line' id='line_1_47' title="bbox 141 3693 1802 3778; baseline -0.006 -20"><span class='ocrx_word' id='word_1_712' title='bbox 141 3713 203 3758; x_wconf 86' lang='lat' dir='ltr'>tum</span> <span class='ocrx_word' id='word_1_713' title='bbox 219 3699 314 3760; x_wconf 82' lang='lat' dir='ltr'>saltem</span> <span class='ocrx_word' id='word_1_714' title='bbox 331 3715 392 3773; x_wconf 87' lang='lat' dir='ltr'>post</span> <span class='ocrx_word' id='word_1_715' title='bbox 408 3705 521 3778; x_wconf 75' lang='lat' dir='ltr'>triginta</span> <span class='ocrx_word' id='word_1_716' title='bbox 538 3706 645 3765; x_wconf 86' lang='lat' dir='ltr'>dierum</span> <span class='ocrx_word' id='word_1_717' title='bbox 664 3705 769 3773; x_wconf 86' lang='lat' dir='ltr'>lapsum</span> <span class='ocrx_word' id='word_1_718' title='bbox 783 3700 799 3771; x_wconf 84' lang='lat'><em>(</em></span> <span class='ocrx_word' id='word_1_719' title='bbox 809 3710 958 3776; x_wconf 78' lang='lat' dir='ltr'>intraquos</span> <span class='ocrx_word' id='word_1_720' title='bbox 986 3707 1032 3764; x_wconf 78' lang='lat' dir='ltr'>tia</span> <span class='ocrx_word' id='word_1_721' title='bbox 1051 3705 1092 3766; x_wconf 80' lang='lat' dir='ltr'>vd</span> <span class='ocrx_word' id='word_1_722' title='bbox 1108 3705 1284 3763; x_wconf 73' lang='lat' dir='ltr'>contumacia</span> <span class='ocrx_word' id='word_1_723' title='bbox 1311 3717 1417 3773; x_wconf 75' lang='lat' dir='ltr'>paenam</span> <span class='ocrx_word' id='word_1_724' title='bbox 1442 3698 1554 3756; x_wconf 70' lang='lat' dir='ltr'>salvine</span> <span class='ocrx_word' id='word_1_725' title='bbox 1580 3693 1742 3766; x_wconf 81' lang='lat' dir='ltr'>intelligatur</span> <span class='ocrx_word' id='word_1_726' title='bbox 1779 3695 1802 3750; x_wconf 87' lang='lat' dir='ltr'>l.</span> 
     </span>
     <span class='ocr_line' id='line_1_48' title="bbox 140 3733 1799 3849; baseline -0.005 -20"><span class='ocrx_word' id='word_1_727' title='bbox 140 3773 265 3841; x_wconf 84' lang='lat' dir='ltr'>exceptio</span> <span class='ocrx_word' id='word_1_728' title='bbox 292 3791 349 3832; x_wconf 92' lang='lat' dir='ltr'>non</span> <span class='ocrx_word' id='word_1_729' title='bbox 377 3788 524 3834; x_wconf 77' lang='lat' dir='ltr'>numerata</span> <span class='ocrx_word' id='word_1_730' title='bbox 598 3782 670 3832; x_wconf 79' lang='lat' dir='ltr'>unias</span> <span class='ocrx_word' id='word_1_731' title='bbox 696 3776 828 3843; x_wconf 87' lang='lat' dir='ltr'>potuisset</span> <span class='ocrx_word' id='word_1_732' title='bbox 851 3779 957 3844; x_wconf 76' lang='lat' dir='ltr'>aposita</span> <span class='ocrx_word' id='word_1_733' title='bbox 986 3783 1033 3849; x_wconf 79' lang='lat' dir='ltr'>pai</span> <span class='ocrx_word' id='word_1_734' title='bbox 1048 3777 1079 3834; x_wconf 82' lang='lat' dir='ltr'>ab</span> <span class='ocrx_word' id='word_1_735' title='bbox 1096 3797 1152 3832; x_wconf 79' lang='lat' dir='ltr'>rem</span> <span class='ocrx_word' id='word_1_736' title='bbox 1170 3772 1212 3834; x_wconf 81' lang='lat'>35.</span> <span class='ocrx_word' id='word_1_737' title='bbox 1225 3771 1262 3846; x_wconf 74' lang='lat' dir='ltr'><em>ffi</em></span> <span class='ocrx_word' id='word_1_738' title='bbox 1281 3771 1306 3830; x_wconf 87' lang='lat' dir='ltr'>b.</span> <span class='ocrx_word' id='word_1_739' title='bbox 1325 3791 1347 3832; x_wconf 85' lang='lat' dir='ltr'>r.</span> <span class='ocrx_word' id='word_1_740' title='bbox 1364 3787 1421 3848; x_wconf 86' lang='lat' dir='ltr'>arg.</span> <span class='ocrx_word' id='word_1_741' title='bbox 1437 3770 1459 3827; x_wconf 90' lang='lat' dir='ltr'>l.</span> <span class='ocrx_word' id='word_1_742' title='bbox 1477 3773 1501 3828; x_wconf 84' lang='lat' dir='ltr'>si</span> <span class='ocrx_word' id='word_1_743' title='bbox 1519 3787 1549 3824; x_wconf 79' lang='lat' dir='ltr'>ea</span> <span class='ocrx_word' id='word_1_744' title='bbox 1566 3765 1664 3828; x_wconf 68' lang='lat' dir='ltr'>duitas</span> <span class='ocrx_word' id='word_1_745' title='bbox 1686 3764 1726 3834; x_wconf 73' lang='lat' dir='ltr'>ad.</span> <span class='ocrx_word' id='word_1_746' title='bbox 1736 3733 1763 3841; x_wconf 64' lang='lat' dir='ltr'>d</span> <span class='ocrx_word' id='word_1_747' title='bbox 1776 3781 1799 3822; x_wconf 89' lang='grc' dir='ltr'>ι.</span> 
     </span>
     <span class='ocr_line' id='line_1_49' title="bbox 141 3838 1799 3922; baseline -0.004 -22"><span class='ocrx_word' id='word_1_748' title='bbox 141 3843 227 3912; x_wconf 85' lang='lat' dir='ltr'>priori</span> <span class='ocrx_word' id='word_1_749' title='bbox 244 3847 355 3916; x_wconf 83' lang='lat' dir='ltr'>opponi,</span> <span class='ocrx_word' id='word_1_750' title='bbox 372 3847 389 3904; x_wconf 88' lang='lat' dir='ltr'>l.</span> <span class='ocrx_word' id='word_1_751' title='bbox 408 3851 438 3904; x_wconf 82' lang='lat' dir='ltr'>iu</span> <span class='ocrx_word' id='word_1_752' title='bbox 454 3865 546 3903; x_wconf 72' lang='lat' dir='ltr'>contra</span> <span class='ocrx_word' id='word_1_753' title='bbox 572 3846 630 3905; x_wconf 80' lang='lat' dir='ltr'>ibus</span> <span class='ocrx_word' id='word_1_754' title='bbox 653 3843 693 3914; x_wconf 87' lang='grc' dir='ltr'>ι4.</span> <span class='ocrx_word' id='word_1_755' title='bbox 712 3838 744 3916; x_wconf 77' lang='lat'>§.¹</span> <span class='ocrx_word' id='word_1_756' title='bbox 758 3862 834 3914; x_wconf 74' lang='lat' dir='ltr'>saper</span> <span class='ocrx_word' id='word_1_757' title='bbox 850 3861 876 3901; x_wconf 81' lang='lat' dir='ltr'>a.</span> <span class='ocrx_word' id='word_1_758' title='bbox 888 3845 959 3901; x_wconf 72' lang='lat' dir='ltr'>Gaia</span> <span class='ocrx_word' id='word_1_759' title='bbox 979 3846 1018 3920; x_wconf 55' lang='grc' dir='ltr'>ᾖ.</span> <span class='ocrx_word' id='word_1_760' title='bbox 1030 3848 1193 3919; x_wconf 77' lang='lat' dir='ltr'>judicatum</span> <span class='ocrx_word' id='word_1_761' title='bbox 1207 3846 1287 3903; x_wconf 82' lang='lat' dir='ltr'>solui.</span> <span class='ocrx_word' id='word_1_762' title='bbox 1399 3851 1402 3858; x_wconf 92' lang='lat'>&#39;</span> <span class='ocrx_word' id='word_1_763' title='bbox 1788 3907 1799 3922; x_wconf 32' lang='grc' dir='ltr'>ι</span> 
     </span>
     <span class='ocr_line' id='line_1_50' title="bbox 142 3907 1801 3994; baseline -0.004 -26"><span class='ocrx_word' id='word_1_764' title='bbox 142 3931 193 3970; x_wconf 80' lang='lat' dir='ltr'>mn</span> <span class='ocrx_word' id='word_1_765' title='bbox 210 3933 283 3972; x_wconf 82' lang='lat' dir='ltr'>num.</span> <span class='ocrx_word' id='word_1_766' title='bbox 299 3914 412 3988; x_wconf 71' lang='lat' dir='ltr'>pecua)</span> <span class='ocrx_word' id='word_1_767' title='bbox 440 3921 471 3988; x_wconf 90' lang='lat' dir='ltr'>is,</span> <span class='ocrx_word' id='word_1_768' title='bbox 498 3929 595 3974; x_wconf 87' lang='lat' dir='ltr'>contra</span> <span class='ocrx_word' id='word_1_769' title='bbox 622 3931 701 3989; x_wconf 89' lang='lat' dir='ltr'>quem</span> <span class='ocrx_word' id='word_1_770' title='bbox 729 3913 832 3988; x_wconf 82' lang='lat' dir='ltr'>apocha</span> <span class='ocrx_word' id='word_1_771' title='bbox 859 3914 957 3986; x_wconf 86' lang='lat' dir='ltr'>duplex</span> <span class='ocrx_word' id='word_1_772' title='bbox 1026 3919 1068 3978; x_wconf 83' lang='lat'>16.</span> <span class='ocrx_word' id='word_1_773' title='bbox 1087 3915 1255 3991; x_wconf 75' lang='lat' dir='ltr'>Denegando</span> <span class='ocrx_word' id='word_1_774' title='bbox 1273 3921 1378 3986; x_wconf 82' lang='lat' dir='ltr'>instrper</span> <span class='ocrx_word' id='word_1_775' title='bbox 1397 3907 1452 3970; x_wconf 80' lang='lat' dir='ltr'>baec</span> <span class='ocrx_word' id='word_1_776' title='bbox 1478 3908 1625 3981; x_wconf 71' lang='lat' dir='ltr'>condliiio,</span> <span class='ocrx_word' id='word_1_777' title='bbox 1642 3913 1748 3994; x_wconf 70' lang='lat' dir='ltr'>quoties</span> <span class='ocrx_word' id='word_1_778' title='bbox 1770 3925 1801 3965; x_wconf 85' lang='lat' dir='ltr'>ea</span> 
     </span>
     <span class='ocr_line' id='line_1_51' title="bbox 141 3981 1799 4061; baseline -0.011 -7"><span class='ocrx_word' id='word_1_779' title='bbox 141 3984 276 4054; x_wconf 55' lang='grc' dir='ltr'>ΙθῐθῑῑῐὶίὶθΥ</span> <span class='ocrx_word' id='word_1_780' title='bbox 289 4000 340 4056; x_wconf 86' lang='lat' dir='ltr'>est,</span> <span class='ocrx_word' id='word_1_781' title='bbox 357 3989 573 4046; x_wconf 79' lang='lat' dir='ltr'>nunerationem</span> <span class='ocrx_word' id='word_1_782' title='bbox 588 4005 622 4046; x_wconf 88' lang='lat' dir='ltr'>ex</span> <span class='ocrx_word' id='word_1_783' title='bbox 640 4003 695 4046; x_wconf 82' lang='lat' dir='ltr'>una</span> <span class='ocrx_word' id='word_1_784' title='bbox 714 4001 832 4047; x_wconf 84' lang='lat' dir='ltr'>secutam</span> <span class='ocrx_word' id='word_1_785' title='bbox 850 4005 958 4046; x_wconf 82' lang='lat' dir='ltr'>noner-</span> <span class='ocrx_word' id='word_1_786' title='bbox 986 3988 1139 4061; x_wconf 83' lang='lat' dir='ltr'>specialiter</span> <span class='ocrx_word' id='word_1_787' title='bbox 1154 3989 1421 4050; x_wconf 65' lang='lat' dir='ltr'>renunciatumestq</span> <span class='ocrx_word' id='word_1_788' title='bbox 1438 3995 1488 4040; x_wconf 90' lang='lat' dir='ltr'>aut</span> <span class='ocrx_word' id='word_1_789' title='bbox 1506 3983 1614 4040; x_wconf 82' lang='lat' dir='ltr'>solvens</span> <span class='ocrx_word' id='word_1_790' title='bbox 1626 3981 1751 4051; x_wconf 77' lang='lat' dir='ltr'>¹adpetat,</span> <span class='ocrx_word' id='word_1_791' title='bbox 1768 3995 1799 4038; x_wconf 83' lang='lat' dir='ltr'>se</span> 
     </span>
     <span class='ocr_line' id='line_1_52' title="bbox 140 4050 1805 4176; baseline -0.013 -47"><span class='ocrx_word' id='word_1_792' title='bbox 140 4073 180 4128; x_wconf 70' lang='lat'>³02</span> <span class='ocrx_word' id='word_1_793' title='bbox 205 4069 346 4117; x_wconf 88' lang='lat' dir='ltr'>teneretur</span> <span class='ocrx_word' id='word_1_794' title='bbox 371 4061 485 4130; x_wconf 73' lang='lat' dir='ltr'>docere,</span> <span class='ocrx_word' id='word_1_795' title='bbox 502 4057 573 4120; x_wconf 76' lang='lat' dir='ltr'>Ant.</span> <span class='ocrx_word' id='word_1_796' title='bbox 589 4055 679 4120; x_wconf 83' lang='lat' dir='ltr'>Faber</span> <span class='ocrx_word' id='word_1_797' title='bbox 697 4059 726 4116; x_wconf 81' lang='lat' dir='ltr'>C.</span> <span class='ocrx_word' id='word_1_798' title='bbox 744 4059 788 4116; x_wconf 82' lang='lat' dir='ltr'>lib.</span> <span class='ocrx_word' id='word_1_799' title='bbox 805 4056 834 4127; x_wconf 84' lang='grc'>4.</span> <span class='ocrx_word' id='word_1_800' title='bbox 851 4062 895 4116; x_wconf 86' lang='lat' dir='ltr'>rit.</span> <span class='ocrx_word' id='word_1_801' title='bbox 915 4056 958 4126; x_wconf 81' lang='grc' dir='ltr'>ι4.</span> <span class='ocrx_word' id='word_1_802' title='bbox 985 4063 1098 4130; x_wconf 85' lang='lat' dir='ltr'>donare,</span> <span class='ocrx_word' id='word_1_803' title='bbox 1116 4058 1222 4144; x_wconf 78' lang='lat' dir='ltr'>siquid</span> <span class='ocrx_word' id='word_1_804' title='bbox 1241 4055 1362 4115; x_wconf 87' lang='lat' dir='ltr'>indebite</span> <span class='ocrx_word' id='word_1_805' title='bbox 1380 4051 1501 4111; x_wconf 79' lang='lat' dir='ltr'>solumm</span> <span class='ocrx_word' id='word_1_806' title='bbox 1518 4055 1565 4138; x_wconf 75' lang='lat' dir='ltr'>sit,</span> <span class='ocrx_word' id='word_1_807' title='bbox 1580 4067 1638 4137; x_wconf 70' lang='lat' dir='ltr'>arg.</span> <span class='ocrx_word' id='word_1_808' title='bbox 1649 4050 1708 4107; x_wconf 80' lang='lat' dir='ltr'>lin</span> <span class='ocrx_word' id='word_1_809' title='bbox 1726 4069 1805 4176; x_wconf 64' lang='grc' dir='ltr'>ιονιξ·</span> 
     </span>
     <span class='ocr_line' id='line_1_53' title="bbox 146 4121 1804 4261; baseline -0.001 -13"><span class='ocrx_word' id='word_1_810' title='bbox 146 4124 222 4256; x_wconf 38' lang='lat' dir='ltr'>maid.</span> <span class='ocrx_word' id='word_1_811' title='bbox 238 4141 332 4259; x_wconf 51' lang='lat' dir='ltr'>&amp;isat</span> <span class='ocrx_word' id='word_1_812' title='bbox 350 4214 443 4259; x_wconf 87' lang='lat' dir='ltr'>autent</span> <span class='ocrx_word' id='word_1_813' title='bbox 459 4203 542 4258; x_wconf 87' lang='lat' dir='ltr'>variis</span> <span class='ocrx_word' id='word_1_814' title='bbox 569 4206 598 4258; x_wconf 92' lang='lat' dir='ltr'>in</span> <span class='ocrx_word' id='word_1_815' title='bbox 615 4202 723 4261; x_wconf 86' lang='lat' dir='ltr'>casibus</span> <span class='ocrx_word' id='word_1_816' title='bbox 749 4199 865 4259; x_wconf 83' lang='lat' dir='ltr'>facultas</span> <span class='ocrx_word' id='word_1_817' title='bbox 891 4217 960 4257; x_wconf 84' lang='lat' dir='ltr'>con·</span> <span class='ocrx_word' id='word_1_818' title='bbox 987 4121 1447 4259; x_wconf 48' lang='lat' dir='ltr'>gasssioditdd.q¹gdgdliffmdd</span> <span class='ocrx_word' id='word_1_819' title='bbox 1458 4123 1804 4257; x_wconf 43' lang='lat' dir='ltr'>tregugidaaprlgicpaffib.</span> 
     </span>
     <span class='ocr_line' id='line_1_54' title="bbox 142 4259 1802 4348; baseline -0.014 -10"><span class='ocrx_word' id='word_1_820' title='bbox 142 4275 251 4338; x_wconf 87' lang='lat' dir='ltr'>dicendi</span> <span class='ocrx_word' id='word_1_821' title='bbox 269 4272 393 4334; x_wconf 88' lang='lat' dir='ltr'>indebite</span> <span class='ocrx_word' id='word_1_822' title='bbox 408 4272 515 4331; x_wconf 77' lang='lat' dir='ltr'>coliata:</span> <span class='ocrx_word' id='word_1_823' title='bbox 535 4285 611 4346; x_wconf 83' lang='lat' dir='ltr'>puta,</span> <span class='ocrx_word' id='word_1_824' title='bbox 635 4282 740 4348; x_wconf 85' lang='lat' dir='ltr'>quoties</span> <span class='ocrx_word' id='word_1_825' title='bbox 768 4273 868 4332; x_wconf 88' lang='lat' dir='ltr'>solutio</span> <span class='ocrx_word' id='word_1_826' title='bbox 887 4268 959 4330; x_wconf 74' lang='lat' dir='ltr'>ludia</span> <span class='ocrx_word' id='word_1_827' title='bbox 988 4275 1018 4330; x_wconf 91' lang='lat' dir='ltr'>ni</span> <span class='ocrx_word' id='word_1_828' title='bbox 1036 4271 1100 4330; x_wconf 90' lang='lat' dir='ltr'>huic</span> <span class='ocrx_word' id='word_1_829' title='bbox 1115 4269 1337 4340; x_wconf 76' lang='lat' dir='ltr'>impedimentum</span> <span class='ocrx_word' id='word_1_830' title='bbox 1354 4282 1411 4324; x_wconf 88' lang='lat' dir='ltr'>non</span> <span class='ocrx_word' id='word_1_831' title='bbox 1430 4260 1519 4330; x_wconf 81' lang='lat' dir='ltr'>facit,-</span> <span class='ocrx_word' id='word_1_832' title='bbox 1547 4262 1635 4334; x_wconf 86' lang='lat' dir='ltr'>qualas</span> <span class='ocrx_word' id='word_1_833' title='bbox 1650 4259 1802 4347; x_wconf 30' lang='lat' dir='ltr'>estnpaniito</span> 
     </span>
     <span class='ocr_line' id='line_1_55' title="bbox 140 4331 1804 4422; baseline -0.011 -17"><span class='ocrx_word' id='word_1_834' title='bbox 140 4365 181 4410; x_wconf 85' lang='lat' dir='ltr'>est</span> <span class='ocrx_word' id='word_1_835' title='bbox 200 4345 253 4404; x_wconf 86' lang='lat' dir='ltr'>illis</span> <span class='ocrx_word' id='word_1_836' title='bbox 271 4367 306 4404; x_wconf 84' lang='lat' dir='ltr'>et</span> <span class='ocrx_word' id='word_1_837' title='bbox 322 4346 421 4416; x_wconf 80' lang='lat' dir='ltr'>causis,</span> <span class='ocrx_word' id='word_1_838' title='bbox 446 4347 475 4401; x_wconf 91' lang='lat' dir='ltr'>in</span> <span class='ocrx_word' id='word_1_839' title='bbox 503 4343 599 4416; x_wconf 89' lang='lat' dir='ltr'>quibus</span> <span class='ocrx_word' id='word_1_840' title='bbox 622 4345 655 4403; x_wconf 89' lang='lat' dir='ltr'>lis</span> <span class='ocrx_word' id='word_1_841' title='bbox 682 4344 831 4403; x_wconf 83' lang='lat' dir='ltr'>inficiando</span> <span class='ocrx_word' id='word_1_842' title='bbox 849 4345 879 4396; x_wconf 90' lang='lat' dir='ltr'>in</span> <span class='ocrx_word' id='word_1_843' title='bbox 906 4345 960 4400; x_wconf 79' lang='lat' dir='ltr'>du·</span> <span class='ocrx_word' id='word_1_844' title='bbox 989 4345 1045 4415; x_wconf 89' lang='lat' dir='ltr'>illa,</span> <span class='ocrx_word' id='word_1_845' title='bbox 1062 4360 1120 4413; x_wconf 74' lang='lat' dir='ltr'>qun</span> <span class='ocrx_word' id='word_1_846' title='bbox 1138 4346 1166 4398; x_wconf 91' lang='lat' dir='ltr'>in</span> <span class='ocrx_word' id='word_1_847' title='bbox 1184 4333 1448 4422; x_wconf 50' lang='lat' dir='ltr'>partitionibus&amp;</span> <span class='ocrx_word' id='word_1_848' title='bbox 1473 4345 1526 4406; x_wconf 89' lang='lat' dir='ltr'>est,</span> <span class='ocrx_word' id='word_1_849' title='bbox 1551 4331 1804 4422; x_wconf 64' lang='lat' dir='ltr'>computationibus</span> 
     </span>
     <span class='ocr_line' id='line_1_56' title="bbox 141 4401 1804 4492; baseline -0.011 -15"><span class='ocrx_word' id='word_1_850' title='bbox 141 4421 215 4492; x_wconf 90' lang='lat' dir='ltr'>plum</span> <span class='ocrx_word' id='word_1_851' title='bbox 232 4417 340 4490; x_wconf 78' lang='lat' dir='ltr'>crescit,</span> <span class='ocrx_word' id='word_1_852' title='bbox 357 4415 374 4470; x_wconf 90' lang='lat' dir='ltr'>l.</span> <span class='ocrx_word' id='word_1_853' title='bbox 394 4435 437 4486; x_wconf 80' lang='lat' dir='ltr'>ea,</span> <span class='ocrx_word' id='word_1_854' title='bbox 455 4437 510 4488; x_wconf 79' lang='lat' dir='ltr'>qua</span> <span class='ocrx_word' id='word_1_855' title='bbox 528 4415 555 4484; x_wconf 89' lang='grc'>4.</span> <span class='ocrx_word' id='word_1_856' title='bbox 573 4417 601 4473; x_wconf 73' lang='grc'>0.</span> <span class='ocrx_word' id='word_1_857' title='bbox 620 4417 646 4474; x_wconf 82' lang='lat' dir='ltr'>i.</span> <span class='ocrx_word' id='word_1_858' title='bbox 668 4435 690 4475; x_wconf 83' lang='lat' dir='ltr'>t.</span> <span class='ocrx_word' id='word_1_859' title='bbox 707 4411 734 4490; x_wconf 63' lang='lat' dir='ltr'>d.</span> <span class='ocrx_word' id='word_1_860' title='bbox 751 4413 803 4472; x_wconf 83' lang='lat' dir='ltr'>ult.</span> <span class='ocrx_word' id='word_1_861' title='bbox 822 4413 915 4470; x_wconf 67' lang='lat' dir='ltr'>Initia·</span> <span class='ocrx_word' id='word_1_862' title='bbox 927 4411 961 4466; x_wconf 84' lang='lat' dir='ltr'>de</span> <span class='ocrx_word' id='word_1_863' title='bbox 988 4413 1135 4472; x_wconf 87' lang='lat' dir='ltr'>hincinde</span> <span class='ocrx_word' id='word_1_864' title='bbox 1154 4414 1192 4468; x_wconf 86' lang='lat' dir='ltr'>ita</span> <span class='ocrx_word' id='word_1_865' title='bbox 1210 4409 1298 4480; x_wconf 75' lang='lat' dir='ltr'>fastu,</span> <span class='ocrx_word' id='word_1_866' title='bbox 1314 4420 1345 4466; x_wconf 93' lang='lat' dir='ltr'>ut</span> <span class='ocrx_word' id='word_1_867' title='bbox 1364 4403 1438 4466; x_wconf 80' lang='lat' dir='ltr'>nihil</span> <span class='ocrx_word' id='word_1_868' title='bbox 1446 4401 1616 4479; x_wconf 84' lang='lat' dir='ltr'>debeatur),</span> <span class='ocrx_word' id='word_1_869' title='bbox 1631 4401 1804 4488; x_wconf 67' lang='lat' dir='ltr'>adscribim-</span> 
     </span>
     <span class='ocr_line' id='line_1_57' title="bbox 143 4473 1806 4570; baseline -0.016 -18"><span class='ocrx_word' id='word_1_870' title='bbox 143 4493 217 4570; x_wconf 81' lang='lat' dir='ltr'>oblig.</span> <span class='ocrx_word' id='word_1_871' title='bbox 236 4492 383 4564; x_wconf 80' lang='lat' dir='ltr'>quaequati</span> <span class='ocrx_word' id='word_1_872' title='bbox 401 4507 435 4540; x_wconf 81' lang='lat' dir='ltr'>es</span> <span class='ocrx_word' id='word_1_873' title='bbox 452 4489 600 4562; x_wconf 72' lang='lat' dir='ltr'>contradita,</span> <span class='ocrx_word' id='word_1_874' title='bbox 616 4507 651 4546; x_wconf 88' lang='lat' dir='ltr'>eo</span> <span class='ocrx_word' id='word_1_875' title='bbox 667 4490 738 4560; x_wconf 66' lang='lat' dir='ltr'>(prod</span> <span class='ocrx_word' id='word_1_876' title='bbox 756 4484 793 4540; x_wconf 88' lang='lat' dir='ltr'>ab</span> <span class='ocrx_word' id='word_1_877' title='bbox 802 4486 884 4544; x_wconf 77' lang='lat' dir='ltr'>intio</span> <span class='ocrx_word' id='word_1_878' title='bbox 892 4488 960 4542; x_wconf 84' lang='lat' dir='ltr'>sim·</span> <span class='ocrx_word' id='word_1_879' title='bbox 989 4485 1027 4542; x_wconf 89' lang='lat' dir='ltr'>let</span> <span class='ocrx_word' id='word_1_880' title='bbox 1044 4487 1076 4541; x_wconf 93' lang='lat' dir='ltr'>in</span> <span class='ocrx_word' id='word_1_881' title='bbox 1093 4484 1168 4546; x_wconf 83' lang='lat' dir='ltr'>hunc</span> <span class='ocrx_word' id='word_1_882' title='bbox 1184 4481 1304 4553; x_wconf 61' lang='lat' dir='ltr'>modunu</span> <span class='ocrx_word' id='word_1_883' title='bbox 1321 4497 1352 4534; x_wconf 80' lang='lat' dir='ltr'>ra</span> <span class='ocrx_word' id='word_1_884' title='bbox 1369 4475 1417 4534; x_wconf 81' lang='lat' dir='ltr'>bac</span> <span class='ocrx_word' id='word_1_885' title='bbox 1432 4477 1571 4534; x_wconf 65' lang='lat' dir='ltr'>causalia</span> <span class='ocrx_word' id='word_1_886' title='bbox 1595 4473 1702 4560; x_wconf 66' lang='lat' dir='ltr'>nullam</span> <span class='ocrx_word' id='word_1_887' title='bbox 1729 4489 1806 4530; x_wconf 75' lang='lat' dir='ltr'>antra</span> 
     </span>
     <span class='ocr_line' id='line_1_58' title="bbox 142 4537 1807 4640; baseline -0.016 -17"><span class='ocrx_word' id='word_1_888' title='bbox 142 4567 216 4640; x_wconf 89' lang='lat' dir='ltr'>plum</span> <span class='ocrx_word' id='word_1_889' title='bbox 233 4563 337 4623; x_wconf 79' lang='lat' dir='ltr'>solvere</span> <span class='ocrx_word' id='word_1_890' title='bbox 357 4556 481 4615; x_wconf 80' lang='lat' dir='ltr'>ntaluisse</span> <span class='ocrx_word' id='word_1_891' title='bbox 496 4573 631 4633; x_wconf 89' lang='lat' dir='ltr'>censetur,</span> <span class='ocrx_word' id='word_1_892' title='bbox 649 4566 735 4628; x_wconf 81' lang='lat' dir='ltr'>quam</span> <span class='ocrx_word' id='word_1_893' title='bbox 746 4573 795 4626; x_wconf 81' lang='lat' dir='ltr'>per</span> <span class='ocrx_word' id='word_1_894' title='bbox 810 4554 961 4613; x_wconf 77' lang='lat' dir='ltr'>inficiatio·</span> <span class='ocrx_word' id='word_1_895' title='bbox 989 4577 1016 4612; x_wconf 73' lang='grc' dir='ltr'>ιι·</span> <span class='ocrx_word' id='word_1_896' title='bbox 1031 4557 1234 4612; x_wconf 73' lang='lat' dir='ltr'>cirenensium</span> <span class='ocrx_word' id='word_1_897' title='bbox 1251 4551 1366 4620; x_wconf 82' lang='lat' dir='ltr'>amplius</span> <span class='ocrx_word' id='word_1_898' title='bbox 1383 4567 1451 4618; x_wconf 80' lang='lat' dir='ltr'>esre,</span> <span class='ocrx_word' id='word_1_899' title='bbox 1465 4549 1485 4605; x_wconf 88' lang='lat' dir='ltr'>l.</span> <span class='ocrx_word' id='word_1_900' title='bbox 1499 4547 1553 4604; x_wconf 80' lang='lat' dir='ltr'>uit.</span> <span class='ocrx_word' id='word_1_901' title='bbox 1569 4537 1598 4619; x_wconf 85' lang='lat'>§.</span> <span class='ocrx_word' id='word_1_902' title='bbox 1615 4543 1692 4631; x_wconf 60' lang='lat' dir='ltr'>adaias</span> <span class='ocrx_word' id='word_1_903' title='bbox 1714 4557 1807 4627; x_wconf 63' lang='lat' dir='ltr'>quest.</span> 
     </span>
     <span class='ocr_line' id='line_1_59' title="bbox 142 4613 1808 4706; baseline -0.017 -10"><span class='ocrx_word' id='word_1_904' title='bbox 142 4646 246 4697; x_wconf 88' lang='lat' dir='ltr'>tionem</span> <span class='ocrx_word' id='word_1_905' title='bbox 264 4654 321 4694; x_wconf 90' lang='lat' dir='ltr'>sese</span> <span class='ocrx_word' id='word_1_906' title='bbox 337 4627 460 4704; x_wconf 84' lang='lat' dir='ltr'>periculo</span> <span class='ocrx_word' id='word_1_907' title='bbox 475 4629 712 4687; x_wconf 61' lang='lat' dir='ltr'>coniunctionis</span> <span class='ocrx_word' id='word_1_908' title='bbox 730 4635 759 4685; x_wconf 91' lang='lat' dir='ltr'>in</span> <span class='ocrx_word' id='word_1_909' title='bbox 777 4625 891 4698; x_wconf 76' lang='lat' dir='ltr'>duplum</span> <span class='ocrx_word' id='word_1_910' title='bbox 912 4641 960 4684; x_wconf 84' lang='lat' dir='ltr'>etr-</span> <span class='ocrx_word' id='word_1_911' title='bbox 988 4623 1016 4684; x_wconf 74' lang='lat'>5.</span> <span class='ocrx_word' id='word_1_912' title='bbox 1028 4623 1066 4696; x_wconf 81' lang='lat' dir='ltr'><em>ffi</em></span> <span class='ocrx_word' id='word_1_913' title='bbox 1082 4623 1109 4682; x_wconf 83' lang='lat' dir='ltr'>i.</span> <span class='ocrx_word' id='word_1_914' title='bbox 1127 4641 1150 4682; x_wconf 84' lang='lat' dir='ltr'>r.</span> <span class='ocrx_word' id='word_1_915' title='bbox 1168 4621 1260 4693; x_wconf 84' lang='lat' dir='ltr'>ibique</span> <span class='ocrx_word' id='word_1_916' title='bbox 1275 4619 1412 4678; x_wconf 71' lang='lat' dir='ltr'>Comibus</span> <span class='ocrx_word' id='word_1_917' title='bbox 1428 4613 1663 4706; x_wconf 77' lang='lat' dir='ltr'>&amp;Gothofredus</span> <span class='ocrx_word' id='word_1_918' title='bbox 1679 4633 1710 4698; x_wconf 72' lang='lat'>¹3¹</span> <span class='ocrx_word' id='word_1_919' title='bbox 1726 4629 1808 4697; x_wconf 62' lang='lat' dir='ltr'>araris=</span> 
     </span>
     <span class='ocr_line' id='line_1_60' title="bbox 142 4681 1808 4786; baseline -0.019 -18"><span class='ocrx_word' id='word_1_920' title='bbox 142 4727 255 4786; x_wconf 86' lang='lat' dir='ltr'>ponere,</span> <span class='ocrx_word' id='word_1_921' title='bbox 272 4723 354 4778; x_wconf 82' lang='lat' dir='ltr'>arque</span> <span class='ocrx_word' id='word_1_922' title='bbox 371 4706 409 4757; x_wconf 85' lang='lat' dir='ltr'>ita</span> <span class='ocrx_word' id='word_1_923' title='bbox 427 4717 505 4770; x_wconf 85' lang='lat' dir='ltr'>super</span> <span class='ocrx_word' id='word_1_924' title='bbox 521 4701 606 4771; x_wconf 87' lang='lat' dir='ltr'>duplo</span> <span class='ocrx_word' id='word_1_925' title='bbox 629 4702 705 4772; x_wconf 89' lang='lat' dir='ltr'>quasi</span> <span class='ocrx_word' id='word_1_926' title='bbox 733 4700 916 4773; x_wconf 71' lang='lat' dir='ltr'>transegissep</span> <span class='ocrx_word' id='word_1_927' title='bbox 931 4709 960 4761; x_wconf 81' lang='lat' dir='ltr'>et</span> <span class='ocrx_word' id='word_1_928' title='bbox 989 4696 1042 4755; x_wconf 88' lang='lat' dir='ltr'>Sed</span> <span class='ocrx_word' id='word_1_929' title='bbox 1060 4697 1099 4766; x_wconf 82' lang='lat' dir='ltr'>dt,</span> <span class='ocrx_word' id='word_1_930' title='bbox 1116 4697 1139 4752; x_wconf 90' lang='lat' dir='ltr'>si</span> <span class='ocrx_word' id='word_1_931' title='bbox 1159 4695 1274 4778; x_wconf 70' lang='lat' dir='ltr'>insignis</span> <span class='ocrx_word' id='word_1_932' title='bbox 1289 4702 1416 4760; x_wconf 86' lang='lat' dir='ltr'>appareat</span> <span class='ocrx_word' id='word_1_933' title='bbox 1444 4701 1553 4774; x_wconf 73' lang='lat' dir='ltr'>petrus</span> <span class='ocrx_word' id='word_1_934' title='bbox 1578 4696 1663 4774; x_wconf 70' lang='lat' dir='ltr'>ratae,</span> <span class='ocrx_word' id='word_1_935' title='bbox 1687 4681 1808 4744; x_wconf 78' lang='lat' dir='ltr'>indebita</span> 
     </span>
     <span class='ocr_line' id='line_1_61' title="bbox 141 4753 1809 4858; baseline -0.017 -20"><span class='ocrx_word' id='word_1_936' title='bbox 141 4785 167 4842; x_wconf 87' lang='lat' dir='ltr'>si</span> <span class='ocrx_word' id='word_1_937' title='bbox 184 4781 251 4858; x_wconf 76' lang='lat' dir='ltr'>quid</span> <span class='ocrx_word' id='word_1_938' title='bbox 268 4770 463 4836; x_wconf 74' lang='lat' dir='ltr'>transsilionis</span> <span class='ocrx_word' id='word_1_939' title='bbox 479 4787 560 4829; x_wconf 80' lang='lat' dir='ltr'>caus-a</span> <span class='ocrx_word' id='word_1_940' title='bbox 578 4771 676 4830; x_wconf 78' lang='lat' dir='ltr'>danim</span> <span class='ocrx_word' id='word_1_941' title='bbox 685 4769 778 4842; x_wconf 71' lang='lat' dir='ltr'>merit,</span> <span class='ocrx_word' id='word_1_942' title='bbox 794 4769 962 4828; x_wconf 79' lang='lat' dir='ltr'>condicine·</span> <span class='ocrx_word' id='word_1_943' title='bbox 989 4767 1074 4825; x_wconf 87' lang='lat' dir='ltr'>soluti</span> <span class='ocrx_word' id='word_1_944' title='bbox 1091 4783 1119 4824; x_wconf 89' lang='lat' dir='ltr'>re</span> <span class='ocrx_word' id='word_1_945' title='bbox 1165 4767 1217 4822; x_wconf 82' lang='lat' dir='ltr'>itte</span> <span class='ocrx_word' id='word_1_946' title='bbox 1235 4779 1291 4820; x_wconf 86' lang='lat' dir='ltr'>uon</span> <span class='ocrx_word' id='word_1_947' title='bbox 1308 4761 1406 4820; x_wconf 75' lang='lat' dir='ltr'>dature</span> <span class='ocrx_word' id='word_1_948' title='bbox 1423 4760 1496 4818; x_wconf 87' lang='lat' dir='ltr'>unde</span> <span class='ocrx_word' id='word_1_949' title='bbox 1512 4777 1537 4817; x_wconf 86' lang='grc' dir='ltr'>ιι</span> <span class='ocrx_word' id='word_1_950' title='bbox 1549 4753 1651 4846; x_wconf 41' lang='lat' dir='ltr'>&#39;mlier</span> <span class='ocrx_word' id='word_1_951' title='bbox 1677 4757 1708 4812; x_wconf 89' lang='lat' dir='ltr'>in</span> <span class='ocrx_word' id='word_1_952' title='bbox 1724 4769 1756 4811; x_wconf 86' lang='lat' dir='ltr'>ea</span> <span class='ocrx_word' id='word_1_953' title='bbox 1774 4769 1809 4810; x_wconf 93' lang='grc' dir='ltr'>ο-</span> 
     </span>
     <span class='ocr_line' id='line_1_62' title="bbox 142 4825 1811 4934; baseline -0.017 -22"><span class='ocrx_word' id='word_1_954' title='bbox 142 4861 202 4930; x_wconf 86' lang='lat' dir='ltr'>quit</span> <span class='ocrx_word' id='word_1_955' title='bbox 220 4849 295 4912; x_wconf 86' lang='lat' dir='ltr'>velut</span> <span class='ocrx_word' id='word_1_956' title='bbox 313 4843 476 4914; x_wconf 88' lang='lat' dir='ltr'>indebitum,</span> <span class='ocrx_word' id='word_1_957' title='bbox 494 4843 603 4902; x_wconf 67' lang='lat' dir='ltr'>etiamsi</span> <span class='ocrx_word' id='word_1_958' title='bbox 620 4859 664 4903; x_wconf 87' lang='lat' dir='ltr'>res</span> <span class='ocrx_word' id='word_1_959' title='bbox 690 4843 767 4902; x_wconf 80' lang='lat' dir='ltr'>nula</span> <span class='ocrx_word' id='word_1_960' title='bbox 792 4836 960 4900; x_wconf 75' lang='lat' dir='ltr'>medusae·</span> <span class='ocrx_word' id='word_1_961' title='bbox 988 4840 1102 4912; x_wconf 78' lang='lat' dir='ltr'>piniane</span> <span class='ocrx_word' id='word_1_962' title='bbox 1131 4839 1226 4908; x_wconf 72' lang='lat' dir='ltr'>uisse,</span> <span class='ocrx_word' id='word_1_963' title='bbox 1241 4845 1272 4894; x_wconf 85' lang='lat' dir='ltr'>ut</span> <span class='ocrx_word' id='word_1_964' title='bbox 1288 4851 1318 4893; x_wconf 85' lang='lat' dir='ltr'>te</span> <span class='ocrx_word' id='word_1_965' title='bbox 1332 4849 1384 4904; x_wconf 87' lang='lat' dir='ltr'>pro</span> <span class='ocrx_word' id='word_1_966' title='bbox 1409 4830 1484 4896; x_wconf 77' lang='lat' dir='ltr'>dote¹</span> <span class='ocrx_word' id='word_1_967' title='bbox 1499 4825 1811 4934; x_wconf 46' lang='lat' dir='ltr'>obligatam&#39;crederet,</span> 
     </span>
    </p>
   </div>
   <div class='ocr_carea' id='block_1_6' title="bbox 0 0 2010 5344">
    <p class='ocr_par' dir='ltr' id='par_1_8' title="bbox 0 0 2010 5344">
     <span class='ocr_line' id='line_1_63' title="bbox 0 0 2010 5344; baseline 0 0"><span class='ocrx_word' id='word_1_968' title='bbox 0 0 2010 5344; x_wconf 95' lang='lat' dir='ltr'> </span> 
     </span>
    </p>
   </div>
  </div>
 </body>
</html>
