3994 5350
231 137 309 238 sto.
740 193 744 200 -
784 165 854 227 ιιι.
880 161 998 230 xurrt.
1026 160 1087 226 vn.
1114 158 1185 224 ιιι.

181 262 362 326 venditarum,
379 255 485 315 debitas
501 271 537 314 ex
557 251 692 312 locatione
705 272 751 325 per
770 257 938 316 venditorem
949 254 989 314 fa·
1366 301 1369 306 .

179 331 241 399 &³5
257 337 281 388 si
297 329 404 403 quidem
421 325 569 388 debeantur
597 341 631 380 ex
655 342 684 382 re
710 325 821 407 singulis
849 331 992 386 momentis
1161 379 1164 384 ,
1245 313 1271 376 'I'
1288 313 1301 376 l
1319 312 1388 380 TU
1405 308 1431 376 L
1448 307 1474 369 U
1492 307 1514 370 S
1547 307 1612 372 Vll·

158 419 257 462 peimi
276 397 417 471 prebente,
437 395 520 454 veluti
538 413 571 452 ex
589 394 701 470 aedibus,
720 397 854 467 punientis,
871 411 992 467 prorata
1178 455 1185 472 ι
1390 451 1397 466 ,
1541 449 1548 464 ,
1660 445 1668 462 ,
1692 444 1700 461 ,
1782 443 1790 460 ,

156 528 159 541 ,
180 473 309 541 temporis
328 469 399 524 inter
417 479 547 524 emtorem
563 484 595 523 ac
608 467 777 524 venditorem
793 467 991 526 dividentem.
1025 461 1070 522 De
1100 458 1200 522 Servis
1219 449 1440 540 exportandis,
1457 449 1505 514 vel
1525 471 1550 512 st
1570 464 1755 522 mancipium
1781 463 1831 510 tta

180 545 299 612 dentur,
315 552 345 596 ut
363 543 461 596 emtori
477 537 594 607 cedant,
612 549 742 603 quatenus
759 535 856 598 debite
874 557 907 598 ex
925 552 992 598 tem-
1046 601 1052 612 Ι
1089 530 1233 606 vetuerit,
1254 553 1287 594 ut
1310 544 1557 600 manumittatur,
1579 523 1626 588 vel
1646 539 1762 586 contra.

182 631 246 684 pote
266 608 431 668 venditionis
449 601 578 678 perfetis..
597 603 649 662 Sin
667 622 700 663 ει
719 624 749 662 re
766 611 915 675 quotannis
932 622 993 666 tan·
1257 649 1258 657 i
1604 651 1606 656 .

137 717 139 722 -
166 699 253 754 ¹rum,
269 694 318 738 aut
336 683 412 735 statis
429 681 498 740 anni
509 675 684 745 temporibus,
703 673 818 735 froilam
828 677 939 748 ferente,
949 700 994 739 ve-
1225 727 1229 736 ‚
1299 673 1387 724 Sil-M
1396 669 1550 740 MARM·

184 753 242 812 luti
254 769 287 810 ex
305 751 450 821 pomariis,
466 750 557 816 arvis,
576 746 740 818 videndum,
758 763 849 806 utrum
875 751 994 810 venditio
1045 775 1069 812 ι.
1087 755 1130 811 De
1146 755 1242 824 patto,
1268 766 1299 808 ιιι
1317 771 1407 810 servus
1425 761 1600 818 exportetur;
1624 765 1643 800 a
1660 741 1752 816 quibos
1771 743 1834 798 locis

184 819 300 894 persedia
318 816 400 886 suerit
417 832 482 882 ante
502 833 623 898 messem,
639 817 704 875 dum
714 814 815 878 studius
832 820 920 878 adbuc
930 839 995 890 pen·
1096 823 1226 880 eluiem
1243 819 1343 890 hbeat,
1361 828 1406 894 qui
1424 819 1460 875 ab
1478 819 1582 886 Italia,
1601 837 1619 870 a
1637 831 1710 872 centa
1726 815 1843 882 monim

183 893 295 961 debant,
312 908 347 945 an
368 906 433 944 veto
450 901 597 960 postquam
607 904 661 958 ram
678 903 766 946 essent
784 907 803 944 a
818 889 875 946 solo
892 907 995 960 separa-
1094 897 1158 965 cia,
1175 893 1219 949 uel
1234 913 1252 946 a
1271 909 1343 948 certa
1361 891 1425 950 urbe
1441 887 1611 956 eametondur
1630 881 1695 942 est?
1712 885 1780 953 An,
1797 880 1836 944 δ’

185 963 218 1020 ti.
237 961 329 1020 Priore
349 976 461 1034 nanque
479 968 508 1016 in
525 975 589 1015 casu
607 959 673 1012 anni
692 960 775 1014 totius
792 962 931 1028 pensiones
940 977 995 1016 etn-
1097 963 1201 1036 quando
1215 963 1335 1019 'uenditor
1388 959 1636 1028 erepueritveleeon,
1650 959 1674 1012 ri
1688 955 1765 1024 petio
1782 973 1838 1008 non

184 1035 250 1104 tori,
267 1037 295 1086 in
314 1031 460 1098 posteriore
475 1030 581 1089 easdem
600 1029 735 1084 venditori
752 1029 864 1101 cedere,
881 1031 995 1088 rationis
1096 1037 1131 1089 rit
1147 1028 1290 1100 paritum?
1307 1029 1354 1089 ubi
1420 1029 1452 1084 de
1458 1044 1530 1096 pona
1548 1026 1667 1097 adsedit,
1681 1023 1838 1090 &manus

186 1116 234 1161 est.
256 1099 302 1160 Sic
319 1104 392 1157 enim
412 1099 440 1158 fit
458 1099 584 1156 omnibus
603 1097 675 1153 hisce
694 1099 723 1152 in
742 1098 863 1171 casibus,
881 1113 911 1157 ut
929 1119 995 1168 pen-
1096 1103 1237 1168 injeilione
1264 1106 1293 1158 in
1309 1122 1361 1158 non
1378 1115 1548 1169 exportatum.
1566 1098 1771 1170 Depeiio,ne
1789 1109 1841 1148 ex·

185 1173 237 1242 sio,
254 1187 310 1297 qsus
328 1166 592 1244 fruiiuutnnomine
600 1165 720 1239 debetur,
729 1183 859 1238 tanquam
874 1187 998 1244 strrroga·
1100 1183 1235 1240 portetur.
1261 1176 1266 1186 '
1445 1189 1450 1196 ·
1599 1223 1602 1230 ,
1793 1234 1798 1247 Ι

185 1257 244 1304 tum
276 1239 398 1298 rodinum
416 1259 462 1306 per
479 1241 571 1306 omnia
588 1251 713 1308 sequatur
730 1245 846 1313 ipsorum
866 1239 999 1300 seuerum
1046 1259 1073 1300 ι.
1090 1243 1133 1300 De
1147 1242 1235 1310 petie,
1251 1251 1282 1297 ut
1298 1235 1686 1309 mancipiammanumittatut.
1705 1238 1776 1292 Tunc
1789 1246 1845 1300 ipso

186 1327 325 1378 naturam,
342 1313 368 1366 dt
389 1313 427 1365 ita
447 1321 505 1367 tum
520 1311 616 1368 emtori
635 1320 692 1365 tum
719 1309 853 1365 venditori
877 1311 998 1380 acquira-
1098 1313 1154 1370 iure
1170 1307 1278 1368 libertas
1301 1315 1440 1382 competit,
1469 1308 1529 1364 litet
1556 1305 1838 1364 vendoniensium

187 1397 241 1453 tur,
258 1392 288 1438 ut
308 1382 356 1448 ipsi
373 1377 474 1438 studius
492 1377 628 1436 naturales
638 1390 685 1432 ant
702 1395 763 1436 usus
773 1381 868 1452 cuique
885 1373 999 1438 fuissent
1099 1383 1313 1438 manumissionis
1331 1396 1480 1439 manserunt
1498 1395 1599 1450 ponem
1616 1377 1708 1446 peotes
1727 1377 1770 1432 rit.
1789 1378 1841 1430 An

189 1454 302 1524 quesiti,
319 1456 342 1505 si
361 1469 401 1508 res
420 1451 490 1508 nulli
507 1449 593 1506 locata
610 1459 686 1506 esset.
704 1445 819 1506 Constat
827 1468 901 1521 sane,
918 1447 1000 1520 de'nt·
1100 1451 1228 1508 umbone·
1245 1452 1326 1509 liceat
1343 1468 1396 1522 port
1424 1463 1524 1516 ternpus
1542 1447 1745 1504 manumissioni
1763 1458 1844 1513 anpo-

190 1543 220 1580 re
239 1519 365 1580 Romano
382 1533 513 1580 emtorem
531 1536 588 1575 non
608 1519 693 1576 teneri
711 1531 783 1575 stare
801 1519 931 1581 locationi
955 1539 1001 1589 per
1101 1525 1183 1577 sirum
1201 1541 1322 1579 revocure
1338 1519 1511 1578 coenaturum
1528 1509 1773 1582 enunumirrionir?
1790 1535 1844 1572 en-

124 1649 126 1656 ,
191 1591 361 1650 venditorem
380 1587 471 1676 ladio,
489 1590 536 1650 secl
553 1606 625 1658 posse
643 1587 833 1647 conauuonm
850 1605 915 1648 ante
933 1603 1001 1648 tem·
1102 1607 1129 1646 te
1145 1595 1264 1660 timporie
1283 1581 1386 1662 lenum
1396 1587 1537 1662 quousque
1552 1590 1631 1656 possit
1640 1609 1653 1653 ‚·
1668 1585 1702 1648 (a
1719 1605 1756 1641 an
1773 1603 1842 1644 tuoe

189 1681 238 1732 pus
255 1661 397 1731 expellere,
414 1676 444 1728 Ιιιι
464 1679 518 1729 ipse
534 1676 582 1716 suo
600 1657 734 1716 arbitratu
753 1678 782 1716 re
799 1673 871 1716 emta
889 1658 1002 1732 fruatur,
1102 1677 1185 1718 emtor
1202 1661 1289 1719 adbuc
1315 1667 1368 1719 'uer
1385 1661 1566 1716 inanumittet
1593 1674 1685 1714 comen
1702 1673 1845 1714 mutatum

190 1735 207 1792 l.
226 1748 350 1787 emturum
370 1745 396 1802 9.
404 1732 435 1786 C.
446 1732 532 1800 locati,
549 1741 629 1797 atque
638 1729 677 1782 ita
688 1731 803 1796 potuisse
819 1730 921 1802 reliquo
935 1743 1003 1787 tem·
1102 1731 1242 1788 venditarit
1259 1753 1290 1788 oo
1302 1726 1450 1804 aetutem?
1757 1767 1759 1774 ›

191 1821 255 1870 pore
273 1802 339 1879 ades
358 1795 644 1872 inhabitare,fruiius
662 1803 688 1853 io
701 1796 784 1856 fundo
793 1801 939 1868 pendentes
947 1799 1003 1857 col·
1051 1794 1077 1857 5.
1096 1799 1140 1857 De
1156 1801 1244 1871 pullo,
1262 1820 1295 1859 ne
1312 1802 1532 1868 manumittatur,
1549 1812 1614 1856 tunt
1630 1798 1706 1856 nulle
1723 1812 1761 1853 est
1781 1817 1845 1854 ma·

192 1871 282 1944 ligere,
300 1884 480 1940 iumentorum
498 1872 583 1939 operis
602 1871 657 1938 ipse
674 1871 725 1924 uti.
747 1865 812 1928 Hac
825 1889 888 1943 ergo
904 1874 927 1927 si
938 1888 1004 1928 con·
1103 1873 1240 1940 numerio,
1257 1872 1316 1928 licet
1333 1888 1405 1942 pana
1423 1874 1461 1926 sit
1475 1869 1591 1937 apposita
1609 1871 1638 1926 in
1654 1889 1747 1926 aarum
1757 1865 1848 1940 setlle

192 1940 297 2002 dudiori
311 1943 460 2012 permittat,
478 1939 581 2012 quidni
635 1938 806 2007 nsionesipse
823 1941 1006 2013 capuensem
1104 1943 1332 1998 manumissionis.

175 2007 343 2074 ¹studiumve
361 2023 592 2079 compensaturus.
623 2006 718 2077 Neque
746 2007 819 2068 hisce
840 2016 1006 2069 contrarium
1053 2008 1080 2080 d.
1099 2009 1187 2078 Volet,
1205 2029 1240 2068 ne
1259 2010 1360 2070 ancilla
1379 2016 1563 2079 prostituatur.
1583 2006 1699 2094 Quando
1715 2007 1842 2064 videatur

190 2095 244 2151 est,
262 2085 332 2154 quod
353 2079 482 2150 Ulpianus
502 2079 594 2148 habet,
613 2083 637 2136 ri
645 2083 673 2135 in
688 2081 778 2137 locatio
796 2079 1006 2208 egeeluitfflen-
1104 2078 1274 2149 praecauta?
1298 2085 1474 2140 Rectnrontur
1488 2083 1570 2152 petie
1587 2101 1615 2134 tn
1633 2097 1765 2136 vervorum
1782 2097 1853 2144 vret-

193 2155 277 2208 sioner
296 2156 385 2224 utique
403 2151 427 2204 ei
448 2150 556 2221 cedere,
574 2153 619 2222 qui
645 2149 811 2220 olocaverat5
839 2153 851 2207 i
883 2171 911 2206 m
929 2151 961 2215 Θ
979 2154 1008 2210 in
1053 2193 1057 2200 -
1107 2149 1253 2208 ditionibus
1272 2150 1413 2222 reprobata.
1474 2183 1476 2186 ·

192 2219 442 2297 pseudourbanis,
468 2223 520 2278 uiti
539 2223 562 2276 ri
588 2219 655 2290 quid
677 2222 836 2278 nominatim
863 2226 1009 2280 conueniret

193 2295 350 2362 proponatur
362 2309 371 2358 ς
389 2291 462 2349 idern
479 2289 595 2360 probans
614 2291 642 2344 in
662 2293 763 2356 prediis
790 2295 897 2351 rusticis
914 2313 946 2352 ac
964 2313 1008 2356 nr·
1045 2311 1071 2349 ι.
1146 2288 1258 2350 Uatnvis
1276 2285 1367 2349 nullus
1384 2293 1454 2362 epod
1481 2311 1531 2350 nos
1547 2303 1693 2348 sertorum·
1713 2288 1846 2358 nonsit}

198 2361 299 2428 banis3
316 2367 413 2418 acsine
431 2362 559 2431 temporis
576 2359 752 2420 distindiione
769 2364 909 2432 pensiones
917 2381 1010 2422 omnes
1163 2363 1226 2433 quia
1252 2376 1341 2420 tamen
1371 2361 1448 2431 petis
1474 2377 1614 2421 servorum
1641 2357 1842 2417 venditionibus

199 2430 325 2503 locatori,
344 2431 462 2498 adeoque
480 2431 618 2490 venditori
635 2429 770 2501 tribuens,
788 2433 807 2489 i.
825 2434 948 2492 Julianus
969 2431 1009 2492 13.
1039 2431 1108 2501 apul
1135 2426 1404 2504 Rauennatem,
1422 2430 1562 2491 transferri
1579 2431 1734 2502 quandoque
1748 2429 1786 2485 ad
1804 2445 1849 2484 re·

196 2493 294 2575 §.siin
310 2503 401 2556 locutio
415 2518 453 2558 tr.
467 2497 503 2570 ffl
520 2498 615 2556 deaii.
626 2501 699 2555 emti.
718 2499 829 2558 litentur
847 2505 934 2570 primo
951 2507 1010 2573 qui-
1042 2518 1103 2560 rum
1120 2496 1238 2558 aliarum
1256 2505 1424 2562 venditiones
1443 2515 1563 2575 possunt,
1581 2503 1672 2569 paucis
1688 2517 1718 2556 ea
1737 2494 1851 2555 trailati

199 2574 262 2639 <lem
279 2573 332 2628 dici
351 2583 458 2644 potest,
477 2587 533 2627 non
552 2569 609 2626 illic
625 2568 751 2640 deliniri,
769 2573 803 2628 ad
821 2591 899 2642 quern
916 2570 1011 2632 effeiiu
1040 2570 1172 2640 expediet.
1185 2571 1360 2646 l'rimumest,
1377 2587 1408 2632 ut
1426 2595 1517 2632 reeour
1534 2585 1684 2640 exportetur,
1701 2566 1776 2638 coitis
1792 2572 1854 2622 vim

197 2638 320 2711 impedio
338 2643 498 2710 pensionum
515 2639 620 2720 utilitas
636 2645 773 2720 pervenite
790 2641 895 2715 debeat,
913 2645 1011 2703 aedcui
1043 2643 1104 2699 vide
1120 2645 1189 2710 apud
1208 2641 1349 2712 Cuiacium
1364 2649 1476 2715 mestit.
1485 2645 1513 2699 C.
1525 2646 1552 2698 ri
1564 2661 1651 2698 ree-vus
1668 2636 1851 2706 enpoetandur

202 2712 340 2782 pensionis
357 2713 492 2784 exigenda
519 2725 558 2777 tus
575 2710 632 2777 sits
659 2727 698 2778 rus
715 2724 804 2770 autem
831 2715 1012 2786 persequendae
1042 2727 1143 2770 vemat.
1163 2712 1392 2784 lisportandurett
1403 2714 1482 2772 ltalia
1511 2708 1674 2769 commorati.
1687 2713 1716 2762 in
1734 2709 1854 2776 provin—

198 2784 339 2852 pensionis
351 2778 401 2837 soli
418 2793 569 2851 competere
578 2778 698 2854 locatori,
716 2788 761 2852 qui
771 2796 943 2842 contraxerat
952 2801 1013 2842 cum
1042 2785 1085 2840 oia
1103 2799 1159 2839 non
1178 2784 1344 2856 prohibetur,
1362 2787 1380 2840 l.
1399 2757 1528 2856 nffidt.
1549 2775 1733 2840 Rttwwn‘lsss
1751 2787 1852 2833 lamen

201 2849 376 2922 conduiiore‚
395 2870 450 2909 non
470 2853 535 2908 item
552 2855 650 2910 emtori
668 2858 780 2923 quinon
799 2853 1013 2924 locaverat,cer-
1043 2851 1118 2911 urbis
1137 2857 1261 2922 pomeriis
1280 2873 1329 2912 nec
1347 2860 1403 2926 ipsa
1422 2857 1486 2914 urbe
1503 2849 1572 2910 teile
1588 2860 1730 2916 motatur,
1747 2844 1765 2900 l.
1784 2850 1854 2928 cui,

184 2985 188 2991 ,
199 2933 259 2998 tum
277 2932 318 2978 est
329 2937 339 2988 3
355 2939 388 2978 eo
398 2925 487 2992 modo,
504 2937 556 2991 quo
573 2923 601 2979 lit
611 2917 677 2977 lueri
695 2925 723 2981 dt
742 2921 808 2996 legis
817 2922 932 2993 Aquiliae
943 2922 1014 2982 tilio
1042 2923 1118 2993 palio
1137 2923 1161 2982 5.
1166 2921 1203 2996 ff
1214 2927 1239 2983 b.
1251 2943 1271 2983 t.
1281 2942 1337 2993 arg-
1355 2928 1373 2982 l.
1385 2925 1429 2998 qui
1448 2923 1564 2998 indignat
1582 2918 1608 2983 d·
1621 2913 1655 2987 ff
1666 2914 1696 2969 dt
1706 2913 1850 2972 “Militib-

199 2995 228 3052 dr
247 2988 334 3061 plures
352 2989 414 3052 aliu
426 2991 561 3048 venditori
578 3002 645 3047 ante
661 2994 837 3053 traditionem
845 3007 1014 3066 querentem
1045 2999 1062 3052 l.
1082 2994 1253 3069 relegatorum
1271 2993 1430 3073 7.§.utr.ff.
1445 2990 1615 3051 detererem.
1631 2987 1664 3050 lii
1682 2985 1787 3059 relegat.
1805 3003 1858 3044 ex·

200 3062 248 3119 sed
268 3061 295 3118 id
314 3077 370 3119 non
387 3062 517 3132 impedit,
531 3077 596 3142 ‚quo
622 3063 711 3120 minus
730 3066 855 3126 venditor
874 3065 916 3124 vel
933 3063 1015 3122 locati
1047 3065 1196 3138 portandus
1211 3083 1245 3124 ex
1263 3081 1339 3125 certa
1357 3063 1679 3136 uriqsectaomaagere
1690 3067 1785 3128 potest,
1802 3074 1854 3114 nec

202 3128 339 3192 tillonem
358 3144 404 3198 pro
422 3149 453 3188 ea
465 3146 601 3200 pensione,
619 3147 674 3199 qus
694 3133 869 3196 ademtorent
878 3141 1016 3206 pervenire
1046 3145 1075 3194 in
1095 3133 1175 3192 ltalia
1193 3138 1305 3195 retineri
1324 3138 1357 3205 is,
1375 3138 1421 3209 qui
1439 3153 1456 3192 a
1474 3147 1550 3192 certa
1559 3130 1696 3202 provincia
1714 3141 1858 3206 renoven-

134 3255 138 3260 .
201 3198 283 3260 debet
301 3201 399 3258 emtori
416 3200 504 3269 cedat,
521 3200 563 3257 uti
580 3202 606 3261 δι
627 3201 742 3272 reliquas
759 3206 871 3264 mandat
884 3205 1017 3273 amionem
1045 3208 1095 3264 dns
1110 3221 1162 3274 est,
1180 3207 1199 3263 l.
1210 3207 1259 3265 ult.
1269 3207 1297 3266 C.
1309 3206 1334 3264 b.
1347 3221 1366 3262 ι.
1379 3209 1402 3262 si
1421 3227 1486 3262 seen
1500 3219 1594 3274 enpoet.
1604 3213 1707 3258 venenu
1717 3194 1856 3264 Adjicitur

203 3269 249 3329 vel
263 3267 385 3328 exailum
403 3268 510 3330 odilone
521 3271 604 3326 locati
623 3275 778 3340 pensionem
787 3277 885 3332 etntori
903 3288 1017 3347 prestet,
1048 3277 1098 3333 hoc
1118 3275 1225 3344 natium
1243 3279 1270 3332 in
1290 3277 1406 3351 gratiam
1421 3277 1584 3340 venditoris,
1601 3282 1750 3336 atatem,
1767 3283 1784 3322 ²
1802 3281 1856 3334 (1¹¹0

204 3345 276 3399 sicut
292 3339 348 3398 alia
366 3345 491 3412 prestare
508 3341 623 3413 cogitur,
641 3343 769 3411 quenliis
786 3343 934 3406 autoribus
950 3361 1017 3403 erta-
1046 3346 1099 3403 sibi
1117 3343 1187 3412 forte
1204 3353 1310 3420 metuit,
1329 3342 1455 3415 cuiusque
1473 3341 1645 3414 compedium
1662 3335 1738 3396 ferre
1752 3336 1844 3404 nemtit

144 3439 150 3459 ι
205 3409 249 3474 dia
267 3423 340 3478 sum,
357 3424 388 3469 ut
406 3425 469 3470 ante
487 3406 599 3468 ditium.
628 3407 681 3470 Sed
708 3415 736 3472 tit
762 3417 882 3474 secundo
906 3413 1017 3484 Ulpiani
1047 3434 1152 3476 securus
1169 3423 1223 3492 sit,
1241 3433 1288 3476 aut
1306 3430 1335 3476 ut
1354 3411 1500 3475 vinditiano
1524 3418 1552 3470 in
1571 3428 1633 3469 eum
1649 3419 1794 3476 exerceat,
1812 3423 1845 3462 ΨΘ

205 3479 289 3539 rerba
307 3483 336 3539 in
354 3481 381 3537 d.
399 3480 417 3536 l.
440 3473 525 3610 ιλὲΐ
548 3499 589 3536 ιι.
607 3483 693 3552 accipi
711 3485 864 3552 possuntde
882 3487 1017 3555 pensioni·
1048 3492 1078 3544 u't
1097 3505 1202 3556 poenam
1219 3491 1313 3559 evitet,
1331 3504 1412 3557 quam
1420 3485 1589 3555 promiserat,
1606 3495 1668 3539 cum
1684 3477 1777 3536 eadem
1794 3475 1853 3548 ¹²8⁰

207 3547 487 3620 hunoniscurte
525 3552 651 3620 preteriti
669 3554 815 3626 temporis,
832 3556 904 3624 quod
920 3561 1018 3615 emtio·
1048 3559 1175 3623 emisscts
1192 3575 1225 3614 ac
1238 3559 1353 3629 proinde
1372 3559 1401 3613 in
1419 3575 1450 3614 ea
1467 3555 1629 3613 conditione
1649 3547 1773 3606 venditor
1789 3557 1851 3614 0⁵ts

206 3638 270 3680 nem
288 3622 443 3692 antecedit,
459 3639 518 3692 qus,
536 3620 651 3680 locatori
671 3623 804 3681 venditori
822 3625 941 3696 cedunt,
966 3629 1020 3684 nisi
1049 3641 1080 3685 ut
1097 3629 1235 3686 remittere
1252 3626 1323 3684 lianc
1335 3627 1417 3701 legem
1434 3628 1528 3697 possit,
1547 3623 1565 3678 l.
1580 3639 1601 3676 r.
1613 3620 1633 3677 l.
1641 3623 1666 3674 si
1674 3615 1749 3675 vend.
1758 3613 1784 3671 6.
1792 3609 1819 3690 §
1831 3633 1870 3672 t..

208 3690 283 3750 aliud
301 3689 465 3752 adlumsit:
482 3691 524 3748 uti
541 3687 614 3748 aliud
642 3687 739 3749 atium·
759 3695 919 3764 proponitur
945 3699 974 3752 in
990 3696 1017 3752 d.
1047 3694 1124 3768 Μ,
1143 3714 1164 3754 t.
1181 3693 1244 3770 Qua
1263 3715 1317 3755 non
1336 3702 1445 3754 remissa
1481 3699 1510 3755 dt
1529 3702 1721 3761 per-emtorem
1737 3684 1858 3755 violata,

209 3764 229 3820 l.
252 3755 294 3822 13·
312 3753 339 3840 ᾗ.
358 3763 387 3820 in
405 3759 446 3816 bie
465 3777 556 3822 autem
577 3759 618 3818 16·
630 3757 668 3830 ffi
684 3761 778 3821 deaii.
798 3777 873 3836 emt,
890 3763 1019 3834 dumpla·
1050 3768 1186 3832 venditori
1203 3767 1274 3827 aare
1291 3769 1326 3826 ad
1344 3768 1371 3825 id
1391 3738 1463 3837 quod
1476 3772 1588 3822 interest
1605 3763 1742 3826 competit,
1760 3773 1860 3837 smon-

207 3832 279 3902 euit,
296 3849 326 3888 ur
343 3830 637 3892 uenditon'oreteeitam
654 3831 801 3890 mercedem
816 3837 902 3909 exigat
914 3833 948 3898 Θ
963 3858 1020 3894 em-
1049 3841 1115 3898 dnrn
1133 3843 1305 3907 posteriorem
1325 3836 1466 3907 Papiniani
1484 3835 1669 3898 sententiam,
1695 3845 1751 3898 quer
1767 3838 1808 3884 est
1828 3842 1860 3879 tn

209 3904 262 3961 tori
276 3915 387 3970 prestet.
406 3895 508 3960 Confer
526 3899 721 3960 Paraetoniam
737 3924 795 3960 vae.
807 3906 912 3962 resolut.
930 3903 975 3966 lib.
997 3925 1019 3964 1.
1051 3911 1069 3964 l.
1081 3907 1106 3966 6.
1116 3901 1143 3982 d.
1158 3905 1224 3978 nffl
1232 3908 1256 3964 b.
1267 3925 1287 3966 r.
1298 3905 1441 3978 reprobata
1456 3909 1554 3975 priore,
1571 3920 1628 3970 qua
1645 3904 1673 3954 in
1692 3901 1710 3953 l.
1724 3910 1749 4022 ἵ
1767 3895 1860 3951 conti-

209 3987 266 4040 αφ.
288 3967 328 4026 m
346 3991 373 4028 n.-
391 3966 417 4026 a
437 3967 563 4029 Zoesium
574 3969 704 4032 aarum
722 3975 784 4032 nde
800 3973 855 4032 ati.
866 3977 965 4035 emti-n.
980 3993 1020 4051 17.
1051 3991 1140 4048 netur,
1156 3985 1212 4036 sive
1229 3982 1328 4044 primus
1345 3990 1440 4046 emtor,
1458 3976 1547 4033 siveis
1566 3975 1596 4028 in
1613 3985 1693 4041 quem
1714 3965 1859 4023 iletrans·

212 4039 255 4100 tii.
273 4037 413 4098 Sttuvium
430 4038 472 4094 ad
487 4037 571 4101 Peed.
589 4041 614 4100 b.
633 4057 653 4098 t.
671 4063 744 4101 num.
767 4040 825 4101 103.
1051 4049 1167 4120 tulerat,
1185 4047 1262 4118 petio
1280 4066 1336 4106 non
1354 4053 1492 4120 paruerit,
1509 4044 1528 4100 l.
1547 4043 1630 4101 litiur
1647 4033 1715 4110 off.
1728 4037 1753 4094 b.
1765 4051 1784 4092 t.
1796 4031 1852 4092 Sed

252 4113 291 4173 t'o.
311 4105 378 4166 Non
396 4124 488 4196 tamen
506 4118 602 4172 errori
618 4111 860 4189 cedunt-arbores,
923 4139 943 4176 e
961 4128 1020 4189 post
1051 4123 1081 4178 or
1097 4120 1131 4176 ad
1158 4135 1262 4188 poenam
1280 4122 1323 4186 agi
1340 4127 1446 4187 potest,
1469 4114 1560 4172 siilla
1579 4109 1658 4183 padio
1682 4103 1785 4179 aanor
1801 4109 1868 4169 siti-

210 4176 359 4250 inspeilum
377 4181 509 4248 predium
522 4194 586 4240 ante
610 4183 794 4245 venditionem
819 4205 866 4257 per
920 4205 964 4244 am
994 4188 1021 4240 vl
1051 4191 1134 4248 etiam
1150 4205 1247 4244 manus
1264 4185 1375 4262 iejetiio
1403 4193 1430 4243 in
1450 4187 1535 4254 ipsam
1557 4195 1664 4242 servum
1692 4191 1865 4242 nonexpor·

212 4253 379 4320 tempestatis
396 4250 486 4310 evulffl
503 4258 696 4324 sunr;.quippe
713 4271 769 4324 qua
791 4256 928 4316 desierat
945 4255 1022 4316 fundi
1052 4271 1142 4317 tatum
1159 4255 1234 4327 fieti,
1261 4263 1359 4316 sicam
1377 4255 1427 4313 sibi
1456 4255 1586 4313 venditor
1601 4247 1693 4320 patim
1710 4247 1821 4387 eidtssh&
1839 4247 1864 4300 si

1814 4333 1862 4373 ve·

134 4343 138 4350 ’
212 4340 280 4393 2⁸⁸0,
297 4333 378 4390 atque,
394 4323 434 4383 lia
445 4339 494 4381 nec
510 4335 687 4391 emtaeetinti
704 4325 930 4386 nisiidvenditor
940 4330 1023 4386 sciens
1053 4336 1143 4386 servus
1160 4325 1195 4384 ab
1212 4340 1316 4386 emtore
1326 4331 1502 4383 mammissus
1519 4325 1554 4382 ad
1571 4321 1722 4378 iocarinter

109 4485 112 4492 ·
213 4459 279 4520 dt.
298 4457 342 4534 Qu
398 4463 577 4540 sidunequis
594 4481 645 4533 res,
664 4463 748 4524 veluti

202 4403 344 4466 ‘amtorem
362 4394 370 4444 i
391 4406 536 4450 notantem
554 4409 611 4449 non
627 4399 772 4456 monuisset
800 4397 818 4452 l.
836 4401 862 4454 ri
875 4413 929 4466 port
946 4411 972 4470 9„
984 4393 1022 4469 ffl
1055 4401 1134 4470 neeit,
1153 4396 1217 4454 lisco
1234 4399 1263 4453 in
1282 4410 1433 4466 perpetuum
1450 4397 1607 4456 servitutem
1626 4387 1790 4449 addicendus
1807 4399 1861 4456 est,

386 4532 392 4544 ‚
764 4439 833 4526 duos
850 4483 951 4537 servos,
968 4485 1024 4524 uno
1054 4470 1071 4525 l.
1086 4487 1108 4525 r.
1119 4483 1145 4524 2.
1156 4468 1186 4522 C.
1195 4467 1219 4522 si
1236 4488 1325 4526 seems
1343 4483 1436 4536 eepeu.
1446 4463 1659 4522 oonearscessat·
1671 4473 1760 4516 tamen
1780 4473 1866 4527 prenae

212 4536 307 4594 ‘merit
324 4545 420 4604 pretio,
437 4549 549 4604 amram
565 4531 636 4591 alter
653 4538 918 4600 antevenditionem
931 4539 1023 4596 extin-
1053 4553 1101 4597 aut
1119 4535 1176 4604 ejus
1202 4537 1274 4606 quod
1291 4534 1550 4604 interest-eradio,
1576 4534 1674 4590 sisine
1692 4529 1797 4587 domini
1815 4543 1864 4584 seu

212 4597 271 4666 iius
286 4617 364 4672 erar,
382 4615 488 4686 tantum
506 4600 590 4674 abest,
607 4615 639 4661 ut
656 4609 764 4666 emtotis
782 4608 811 4666 id
829 4605 1022 4681 periculumes·
1052 4614 1163 4668 emtoris
1180 4607 1320 4667 voluntate
1336 4623 1427 4664 aetrtts
1444 4607 1485 4664 ad.
1496 4605 1555 4662 loca
1565 4599 1702 4672 prohibita
1710 4597 1871 4671 accesserit,

212 4685 252 4734 Μ
261 4711 271 4741 e
289 4682 319 4736 ui
337 4684 424 4740 potens
443 4690 476 4730 ne
494 4674 524 4754 in
543 4674 607 4729 vivo
623 4676 831 4745 quidentemtio
847 4683 985 4754 emittat,
999 4681 1023 4739 l.
1049 4678 1079 4734 d.
1091 4679 1182 4736 inm
1192 4675 1244 4750 fin.
1255 4678 1282 4734 C.
1303 4677 1330 4736 b.-
1339 4694 1361 4736 t.
1371 4675 1462 4733 veluti.
1481 4680 1538 4732 sia
1556 4673 1667 4731 donnino
1684 4665 1867 4742 profugusin

214 4743 241 4805 ti
259 4741 321 4806 duos
339 4745 396 4818 quir
413 4738 457 4818 44.
474 4739 515 4818 ὦ,
527 4741 560 4804 dc
577 4743 696 4808 matrab..
714 4765 787 4810 emt„
1046 4745 1198 4816 ‚modian
1215 4749 1362 4824 provincia.
1374 4759 1501 4831 vagetur,
1513 4744 1532 4802 l.
1543 4745 1625 4806 litim
1644 4735 1707 4822 9·ss.
1718 4735 1873 4804 bessoth
