4026 5352
716 243 768 310 De
792 241 971 328 inofficioso
997 243 1209 311 Testamenta.
1409 287 1415 298 =
1569 217 1576 224 .
1695 245 1743 342 69

136 325 288 412 wsb
324 328 359 390 .l.
379 329 450 390 iilud
463 334 535 391 enim
552 329 595 393 13.
613 326 639 394 bs
649 349 705 406 petr.
726 332 758 406 θῖ
774 335 807 394 de
818 339 885 414 jare
902 355 944 394 ea·
968 337 1141 395 emedattda
1158 343 1213 412 tit,
1232 340 1261 398 dt
1277 337 1314 396 ob
1332 338 1360 398 ld
1370 337 1450 414 filit,
1468 337 1513 396 cui
1531 339 1601 398 aiiii
1613 355 1704 410 ptem
1722 363 1785 399 tna·

138 392 297 488 ‘bibiturq-
343 421 409 476 eque
418 403 492 462 hunc
507 407 658 464 voluntatis
674 395 808 466 deieiicum
826 407 944 466 clausula
974 423 1079 466 taetram
1098 408 1140 468 vel
1157 420 1300 480 paternum
1310 411 1408 484 farma
1426 413 1555 480 imputati
1569 415 1662 482 potuita
1678 413 1784 483 perinde

138 463 302 554 ffldfcfllflffl
318 475 436 544 upplet:
456 482 550 546 quippe
561 479 725 536 tralatitium
742 483 833 550 esu&
851 483 894 536 tit.
914 477 946 534 de
974 481 1057 535 vitilia
1073 481 1155 551 partio
1171 477 1312 537 triburiae
1330 484 1384 552 sit,
1401 500 1434 537 at
1451 485 1476 538 ti
1492 498 1580 537 ornnes
1600 483 1673 558 filias
1701 481 1783 540 bete·

136 533 262 623 ttdtcellit
280 537 382 610 pierius
409 546 649 610 demonstrandum
693 548 814 608 clausula
834 549 882 606 illa
902 569 945 608 su-
973 547 1018 604 der
1036 551 1205 608 instituisset.
1231 548 1337 624 Quibus
1353 568 1517 620 consequens
1531 564 1607 621 erat,
1625 567 1656 612 ut
1672 572 1735 612 cum
1748 567 1783 612 ee

133 609 231 664 arinen
239 621 348 666 tautum
356 627 515 674 testamenta
535 592 686 690 imperlebia
697 625 802 680 ratione
815 619 944 679 solemni·
972 631 1135 678 testamento
1150 639 1245 679 omnes
1259 621 1448 694 srtccederent,
1465 629 1539 692 quasi
1556 640 1591 680 ex
1619 629 1784 682 testamento

134 677 210 750 ntia,
229 692 258 736 at
278 698 560 764 nequamamea‚qun
579 689 706 768 laborant
729 688 878 749 voluntatis
895 693 943 749 de-
971 707 1065 747 o·nnes
1082 696 1191 765 vocati,
1210 691 1298 764 legata
1316 709 1420 766 quoque
1438 695 1467 749 in
1485 711 1533 750 suo
1551 693 1727 762 perdurarent
1737 695 1781 750 ti·-

132 742 223 804 fflu.
249 746 355 820 Quibus
372 758 479 828 insuper
496 762 621 820 accedere
638 772 725 830 potest
738 779 775 820 'ert
794 758 852 832 jure
870 781 943 820 nunc
970 777 1050 830 gore5
1067 776 1186 820 cessante
1204 760 1249 818 hic
1266 762 1323 822 ulla
1349 764 1457 834 pietatis
1482 765 1682 837 praesumtione,
1708 765 1783 835 quoe

131 823 233 883 emim
249 835 372 908 recepto,
390 829 477 902 mand,
496 836 518 886 sl
538 833 610 888 inter
629 835 706 888 vivos
730 833 846 890 donatio
871 831 941 891 sabla
971 848 1066 898 parens
1083 849 1138 888 non
1158 831 1251 891 luisset
1269 831 1422 906 legaturus,
1439 833 1463 888 si
1481 831 1566 889 filium
1582 853 1715 904 superesse
1731 849 1781 892 aut

130 885 488 982 ⁸b00,q1¹¹l¹berosnon
508 889 643 974 habebat,
661 905 689 959 in
709 913 799 959 totum
821 903 940 962 infirme·
969 902 1069 969 sperari
1087 903 1205 962 scivisset
1215 923 1227 967 ,-
1244 921 1278 959 eo
1295 903 1367 972 quod
1386 902 1503 974 reliquos
1522 900 1575 972 jam
1594 919 1691 977 natos,
1707 902 1779 976 ejus—

130 977 179 1020 Μ
196 975 305 1048 imiter
330 961 428 1026 ltberos
443 985 531 1040 postea
550 987 701 1044 susceptos,
727 970 789 1030 licet
807 993 863 1032 non
882 975 940 1034 sola
968 973 1030 1029 dem
1046 991 1107 1031 cum
1125 975 1262 1040 preterito
1278 975 1421 1047 gradus&
1438 971 1587 1031 affebiionit
1613 974 1779 1047 probabilis,

129 1033 263 1090 donantes
280 1031 439 1118 voluntate,
453 1041 501 1098 sed
520 1045 549 1102 br
567 1044 703 1101 donatarii
725 1047 880 1114 acceptione
897 1064 939 1102 rc>
968 1043 1151 1100 declaraverat
1168 1042 1302 1100 obnoxios
1320 1042 1471 1114 legatomm
1489 1047 1660 1112 prestariam.
1685 1048 1778 1118 Atque

129 1101 249 1170 boretur,
259 1114 289 1157 ut
306 1102 412 1166 dicetur
429 1111 513 1167 einh
531 1113 657 1170 denariae
675 1111 764 1170 multo
781 1123 939 1188 magispre-
969 1111 1020 1169 hoc
1037 1111 1124 1180 ipsuum
1141 1125 1200 1186 est,
1217 1115 1292 1185 qund
1327 1110 1509 1170 stopaulus
1525 1113 1623 1171 ictum
1650 1116 1719 1174 velle
1745 1121 1777 1174 iu

129 1177 200 1230 nami
216 1169 330 1260 debeat,
356 1180 503 1238 clausulam
521 1185 705 1241 codicillarem
727 1201 781 1240 non
801 1188 939 1256 imponere
968 1181 1066 1240 leam
1084 1201 1172 1240 mater
1188 1185 1222 1240 ab
1242 1182 1280 1254 ff.
1301 1133 1365 1241 br.
1383 1179 1459 1251 cujus
1477 1182 1559 1239 verba
1576 1190 1666 1255 paucis
1682 1205 1716 1244 ex
1733 1184 1777 1243 la·

127 1249 161 1300 in
179 1241 262 1302 dubio
279 1260 348 1304 onas
366 1248 564 1312 fideicomnissr
584 1253 675 1313 liberis
694 1259 838 1327 ignorante
856 1253 938 1315 t'esta
968 1268 1051 1322 nata,
1068 1259 1108 1309 ita
1126 1253 1245 1313 habent:
1263 1257 1329 1312 Cam
1348 1271 1432 1309 mater
1451 1255 1564 1310 militem
1584 1254 1679 1328 filiam
1720 1257 1777 1312 alre

126 1325 190 1372 tore
205 1325 295 1384 postea
314 1323 462 1378 nascituris.
474 1322 537 1384 Vid.
559 1323 871 1384 F'achineusceeeeeeme.
891 1327 936 1386 lib,
967 1321 1084 1383 audieret
1101 1322 1280 1395 detersisse,et
1297 1337 1456 1381 testamento
1475 1323 1584 1381 bet-eder
1601 1327 1675 1395 alios,
1711 1326 1777 1385 stab·

70 1419 72 1422 -
127 1382 230 1454 beat.
255 1381 295 1452 rb·
315 1386 403 1446 Andr.
425 1391 563 1466 Gayllib.
582 1413 606 1452 a.
627 1395 723 1453 observ.
747 1393 805 1464 tri.
825 1419 898 1455 ereata⁴
929 1442 935 1456 .
965 1395 1047 1466 audi,
1064 1393 1157 1465 filies,
1181 1411 1237 1452 non
1255 1408 1418 1466 extraneos,
1435 1411 1501 1464 quos
1519 1411 1612 1464 nempe
1629 1410 1724 1462 preter
1741 1395 1777 1454 h-

125 1469 236 1529 etreqp.
256 1453 604 1522 herimannitae
624 1471 668 1524 rit.
691 1464 773 1523 rude
794 1488 819 1524 tt.
841 1483 866 1524 2.
885 1413 935 1528 idi.
966 1464 1032 1521 lium
1049 1462 1165 1521 militem
1182 1462 1319 1536 habebat)
1345 1467 1520 1546 instituisset:
1546 1466 1583 1522 D.
1612 1465 1774 1526 Hadrianus

124 1523 225 1584 Glarus
241 1527 476 1598 ffitertamettum
493 1535 634 1607 quatrelli.
653 1559 679 1593 n.
700 1553 725 1592 a.
779 1538 829 1594 ich.
850 1537 936 1596 Gras·
964 1533 1096 1606 deceant,
1113 1534 1294 1593 hereditatem
1311 1537 1352 1592 ed
1370 1534 1463 1662 Ciam
1486 1538 1615 1604 petriam
1642 1534 1691 1610 (id
1716 1551 1778 1614 est,

126 1609 171 1654 us
192 1598 228 1666 ff.
238 1615 428 1659 testamentum
445 1604 685 1681 perendinat.
706 1604 933 1677 ResponsJCtor.
966 1623 1020 1662 non
1040 1615 1148 1663 tantum
1167 1607 1330 1678 adreliquoe
1347 1605 1367 1662 li
1402 1624 1445 1662 ros
1464 1610 1673 1677 institutos,sed
1687 1613 1774 1666 etiattt

125 1661 286 1740 Holl.⁸pet.=
299 1666 324 1726 5.
344 1675 485 1732 cantilat.
505 1677 627 1737 dissentit
646 1690 705 1751 post
723 1677 791 1734 alios
812 1677 934 1738 Beunne-
964 1675 1005 1730 ad
1016 1675 1105 1747 fitium
1122 1673 1199 1734 illum
1214 1680 1344 1746 opinione
1357 1673 1424 1732 falsa
1434 1693 1481 1746 pro
1489 1673 1618 1754 defunblo
1630 1677 1752 1738 habitum
1762 1699 1778 1748 ς4

125 1753 245 1798 nunnus
270 1741 342 1798 adl.
361 1763 423 1802 cum
442 1751 588 1804 materni.
613 1749 641 1818 ff.
662 1745 687 1804 b.
707 1763 727 1806 t.
744 1759 833 1805 motus
850 1751 933 1818 potis-
965 1749 1050 1803 itaut
1069 1744 1116 1804 ille
1141 1746 1256 1820 reliquis,
1273 1745 1401 1804 fratribus
1429 1748 1562 1804 institutis
1589 1761 1772 1821 accresceret,

124 1811 224 1894 aianm
242 1815 370 1881 rescripto
390 1813 524 1872 Hadriani
543 1821 571 1874 in
590 1817 616 1875 d.
635 1819 653 1874 l.
666 1814 706 1874 ab.
724 1822 871 1892 proposito,
887 1820 933 1879 sed
964 1815 1069 1874 virilem
1086 1829 1189 1884 partem
1207 1817 1328 1878 urunt:
1345 1820 1374 1877 br
1391 1823 1453 1887 quia
1477 1815 1528 1872 hac
1555 1819 1662 1876 ratione
1688 1831 1775 1876 testa»

124 1895 200 1944 mnu
216 1901 302 1952 neque
316 1885 450 1969 rationem
467 1891 534 1944 satis
551 1889 714 1958 perspectam
733 1887 836 1960 habult,
854 1905 887 1975 ut
904 1893 933 1945 ie
962 1899 1082 1943 mentum
1100 1903 1147 1954 per
1163 1887 1298 1954 querelam
1316 1905 1372 1946 non
1390 1885 1612 1974 rescindebatur,
1625 1889 1772 1974 sedinsuo

104 1953 932 2100 .atrilffissliiainhtqiiiriiieiii‘i‘
962 1969 1038 2084 iiii
1052 1957 1772 2100 iiffih‘ianiiilis‘iiiiii‚iit

122 2107 188 2167 gata
206 2095 320 2154 conditi*
330 2114 423 2170 posse,
440 2103 463 2154 si
482 2111 673 2157 testamentum
690 2097 827 2155 infirmum
840 2101 879 2157 'sit
898 2119 931 2157 ex
962 2094 1095 2154 libertates
1112 2113 1138 2154 et
1155 2098 1244 2172 legata
1260 2115 1428 2171 praetentae.
1455 2098 1589 2156 llicillud
1599 2098 1769 2172 adnotatum,

122 2181 167 2237 eo,
185 2165 255 2233 quod
272 2163 308 2220 ab
325 2164 445 2227 hostibus
464 2185 592 2248 reversus,
609 2172 685 2240 queni
704 2181 779 2240 patet
795 2182 931 2228 mortuum
961 2167 1032 2240 quad
1045 2165 1077 2222 de
1095 2165 1260 2246 libertatibus
1277 2187 1302 2227 et
1328 2171 1419 2243 lrgatit
1446 2167 1576 2238 adjicitur
1584 2175 1601 2234 ς’
1623 2168 1772 2242 videlicet,

122 2251 234 2308 pratum
253 2248 334 2306 serat,
343 2235 361 2291 l.
373 2237 443 2313 idem
462 2256 500 2294 est
516 2237 543 2295 5.
555 2243 574 2296 l.
595 2239 620 2308 l.
641 2241 657 2295 l.
678 2239 703 2297 5.
721 2237 803 2308 ffide
820 2240 928 2299 coedibi.
961 2249 993 2296 ut
1009 2237 1073 2306 quid
1090 2237 1225 2326 singulare
1241 2257 1274 2299 en
1292 2243 1417 2309 ratione,
1444 2239 1515 2322 quod
1543 2237 1604 2324 hac·
1624 2241 1770 2309 praeteritio

121 2303 218 2363 indeb..
320 2323 445 2366 econtra
466 2309 536 2367 hanc
545 2315 706 2368 sententiam
718 2305 814 2437 &rcere
834 2323 930 2386 potest,
962 2325 1017 2365 non
1035 2306 1072 2364 ab
1097 2327 1190 2366 ammo
1207 2313 1327 2384 maligno
1352 2313 1380 2370 br
1398 2308 1511 2368 leaena·
1530 2308 1644 2366 consalin
1661 2309 1770 2378 prohel-

121 2373 261 2446 lulaff.
328 2376 419 2436 bet-d.
441 2381 525 2437 ituit.
554 2399 616 2438 cum
641 2399 696 2438 non
743 2377 833 2437 efilio
849 2393 930 2439 testa-
959 2390 1095 2452 scemtur,
1110 2381 1156 2440 sed
1173 2399 1190 2438 a
1208 2381 1265 2440 solo
1281 2399 1372 2440 errore
1386 2376 1456 2436 faur
1473 2380 1539 2436 satis
1556 2378 1709 2452 probabili,
1737 2397 1770 2440 ae

120 2450 190 2504 toris
216 2448 403 2507 aedextraneo
417 2455 591 2524 instituta&
609 2465 839 2520 pererraremrpro
856 2469 929 2508 mor·
960 2445 1042 2506 iscire
1058 2453 1231 2518 excusandos
1247 2469 1353 2522 neque,
1372 2448 1447 2521 juxta
1459 2452 1582 2519 ‚sarpmlus
1598 2448 1690 2520 dibia,
1711 2453 1769 2508 cit·

119 2531 171 2577 tuo
188 2487 292 2590 habito,
305 2522 418 2592 agat,in
438 2537 491 2590 quo
510 2541 565 2579 non
582 2523 704 2579 militant
720 2521 867 2589 superiores
883 2539 927 2578 ra·
958 2523 1123 2578 cunutantIa
1149 2535 1299 2580 ceterorum
1326 2519 1447 2578 fratntm·
1468 2518 1566 2590 legatis
1591 2533 1768 2590 gravatorum
1828 2532 1833 2542 ·

118 2590 219 2647 tiones.
240 2585 322 2664 Quod
347 2591 421 2649 sier
436 2594 550 2652 adverso
576 2605 714 2662 parentes,
740 2603 929 2661 pretereuntes
959 2601 1095 2714 fateretur
1125 2597 1337 2662 praesumtionem
1398 2588 1470 2662 quod
1497 2601 1585 2646 nater
1615 2586 1705 2646 hlium
1732 2589 1769 2647 il-

118 2661 280 2734 lgnoranter
296 2660 486 2734 posthumum,
504 2681 616 2736 quemve
632 2674 769 2720 mortuum
786 2679 843 2719 esse
861 2660 928 2720 falso
969 2678 1031 2731 um,
1049 2677 1127 2730 quern
1150 2671 1287 2721 mortuum
1304 2681 1333 2717 cr
1366 2656 1448 2730 ebat,
1474 2653 1567 2714 fuisset
1595 2655 1691 2729 legatis
1708 2676 1767 2720 nou

117 2729 301 2802 crediderunt,
318 2730 387 2789 alios
403 2735 512 2804 insuper
531 2733 626 2790 liberos
643 2732 811 2803 reliquerint,
829 2736 928 2802 eoshue
956 2742 1121 2806 gravatura3
1149 2745 1179 2790 ut
1206 2731 1322 2803 proinde
1343 2743 1448 2800 equum
1472 2729 1556 2784 aiam
1574 2723 1679 2812 fuerit,
1705 2749 1768 2800 par·

118 2801 287 2858 instituerint
304 2815 384 2872 atque
409 2805 485 2861 inea
506 2803 634 2863 herentes
660 2805 815 2876 ignorantia
832 2821 925 2860 secun
957 2807 981 2858 ci
1007 2814 1169 2861 testamento
1194 2817 1338 2869 materno,
1377 2803 1453 2869 cique
1483 2801 1614 2867 unquam
1640 2801 1768 2866 iniuriam

117 2872 266 2940 clamante
284 2868 409 2931 diesen
428 2871 485 2931 fata
502 2880 700 2942 concesserint,
726 2873 814 2930 verius
829 2876 925 2932 existi·
958 2871 1059 2932 nullam
1084 2876 1259 2946 continenti,
1294 2866 1417 2930 meeum
1443 2865 1553 2937 plenum
1578 2868 1711 2944 antibus,
1734 2871 1768 2930 fi-

116 2955 200 3004 rnem,
219 2938 411 3000 infirmandum
429 2944 499 3003 haud
516 2965 574 3004 esse
590 2963 623 3002 eo
638 2961 701 3002 casu
718 2953 924 3015 testamentum,
956 2943 994 3000 lio
1020 2961 1114 3014 nempe
1140 2951 1178 3003 sic
1203 2943 1392 3013 considerato,
1417 2955 1449 2996 ac
1474 2939 1498 2995 si
1526 2955 1582 2996 non
1606 2949 1769 3015 conquestus

115 3013 164 3071 aed
181 3009 260 3066 illum
269 3017 431 3080 preteritum
447 3019 503 3074 sive
511 3015 683 3088 posthumum
700 3015 758 3071 slve
770 3031 859 3074 errore
875 3035 925 3084 pro
956 3012 1064 3084 fitisaet,
1080 3015 1129 3074 sed
1143 3033 1160 3072 a
1177 3027 1264 3073 rmtre
1291 3016 1447 3073 institutus:
1474 3027 1541 3067 nam
1565 3008 1685 3080 albuuin
1703 3031 1768 3070 caet
1872 3057 1875 3064 ,

115 3095 229 3139 mortuo
246 3079 370 3139 habitum
393 3082 522 3144 fratribus
536 3089 632 3147 ceteris
659 3086 688 3142 in
705 3101 739 3142 eo
762 3097 924 3144 testamento
954 3081 1125 3157 inofficiosum
1152 3101 1342 3146 tertetmentattt
1368 3079 1506 3156 arguitur}
1530 3079 1600 3138 nibil
1623 3101 1656 3137 ea
1680 3101 1709 3138 eo
1725 3099 1766 3144 te·

114 3153 255 3211 merituris
269 3151 308 3208 sic
324 3167 488 3213 secreturum
504 3177 569 3226 esse,
585 3161 612 3217 dr
630 3173 827 3230 successurum,
843 3173 924 3229 atque
955 3172 1085 3214 nomem
1108 3157 1189 3215 valet.
1218 3153 1355 3214 Hablenus
1383 3150 1497 3228 Paulus,
1514 3158 1560 3224 qul
1585 3154 1624 3207 sic
1649 3152 1768 3223 explica·

115 3227 141 3282 11
159 3225 189 3284 ἂ
215 3223 270 3290 39⁸²
286 3240 341 3280 una
366 3242 427 3282 curn
442 3233 536 3286 ceteris
562 3229 654 3286 luisset
680 3229 835 3296 institerat
861 3247 923 3287 cum
954 3241 1014 3299 tus,
1041 3243 1099 3285 non
1125 3225 1255 3302 pugnabit
1281 3243 1343 3285 cum
1371 3223 1537 3294 Papiniano,
1550 3221 1705 3308 'legatorum
1722 3241 1769 3282 so-

114 3295 193 3352 enim
211 3292 239 3350 id
258 3297 296 3350 ita
315 3299 342 3350 in
363 3307 447 3355 matre
466 3296 521 3368 iure
541 3297 860 3357 Romanoconstltutum
877 3305 922 3370 sit,
955 3298 1093 3370 lutorun,
1110 3311 1239 3367 tanquam
1257 3296 1459 3363 indebitarum,
1476 3287 1678 3351 contrement
1694 3295 1766 3358 dan-

113 3365 145 3424 &
162 3377 327 3422 testamento
343 3362 441 3425 liberos
458 3367 573 3441 reliquos
591 3368 705 3428 heredes
720 3371 921 3439 scripserat,&
953 3383 999 3436 te,
1016 3369 1036 3424 l.
1054 3364 1080 3424 5.
1101 3364 1181 3434 iunbl.
1200 3369 1218 3424 l.
1237 3367 1264 3428 5·
1282 3369 1314 3438 ff·
1334 3368 1365 3423 de
1383 3363 1492 3422 condibi-
1511 3361 1595 3446 irtdtb.
1614 3359 1675 3420 Nec
1699 3361 1765 3439 hit,

114 3434 262 3506 posthumo
287 3440 422 3504 preterito
440 3438 469 3495 in
496 3441 636 3508 puerperio
661 3439 827 3511 decesserat,
845 3451 922 3496 ante-
972 3459 1009 3495 ue
1026 3439 1061 3497 de
1078 3443 1213 3509 preterito
1230 3455 1277 3510 per
1295 3438 1476 3508 ignorantiam
1502 3445 1597 3490 ceteras
1622 3445 1766 3493 accrenno

113 3521 195 3575 mam
211 3507 352 3563 commode
378 3513 505 3578 potuine
527 3508 697 3568 voluntatem
714 3521 837 3582 mutare,
863 3509 881 3564 l.
900 3512 925 3565 ti
953 3457 1083 3566 iratribus
1101 3511 1233 3567 institutis
1250 3505 1347 3580 dieis,
1365 3509 1522 3566 adversatur
1532 3503 1629 3587 ‚autad
1647 3503 1689 3574 ie,
1715 3507 1763 3576 qui

113 3595 202 3634 maret
220 3573 246 3633 5.
266 3577 294 3632 C.
313 3573 339 3632 b.
357 3593 377 3633 t.
395 3597 451 3648 que
469 3595 557 3647 queso
581 3579 747 3638 diversitatis
763 3585 835 3637 ratio
851 3581 922 3652 erit,
954 3580 963 3631 i
983 3579 1110 3648 notavit,
1126 3597 1155 3636 se
1174 3577 1258 3636 hlium
1277 3577 1384 3636 Titium
1403 3573 1554 3643 habere,s1
1567 3571 1764 3657 filrttfutorem

114 3661 162 3728 mr
180 3663 237 3706 non
256 3647 285 3703 in
304 3662 382 3716 patre
400 3649 471 3706 idem
488 3649 686 3721 admiserimus,
703 3665 738 3706 ex
755 3666 810 3721 quo
826 3655 923 3721 passim
972 3650 1075 3718 aierit,
1093 3649 1159 3706 solis
1176 3648 1233 3704 illis
1248 3647 1352 3706 dedisse
1370 3645 1512 3713 videatur,
1529 3659 1596 3711 quos
1611 3641 1714 3699 screbat
1732 3649 1762 3700 in
1838 3673 1839 3678 1

112 3717 330 3789 turebbtlnuit,
348 3717 420 3777 inter
447 3733 590 3787 paternum
611 3731 814 3787 maternumque
840 3732 922 3778 testa·
1001 3730 1087 3777 estate
1104 3738 1152 3777 sua
1169 3737 1243 3789 esse,
1261 3731 1290 3774 at
1308 3733 1365 3774 non
1392 3717 1437 3791 ei,
1464 3730 1545 3786 quem
1562 3711 1708 3798 ignorabat
1735 3733 1784 3771 εει

111 3799 237 3844 mentum
247 3789 549 3862 rationeprsteritionis
564 3788 836 3850 autexheredatlonis
853 3788 923 3846 nihil
974 3788 1072 3860 abere,
1088 3791 1152 3861 quia
1170 3789 1206 3846 de
1223 3789 1279 3857 imo
1296 3805 1351 3845 non
1368 3793 1490 3844 sensisset
1506 3785 1525 3845 l.
1545 3785 1569 3839 ti
1585 3799 1642 3853 pate
1659 3799 1700 3841 ete
1722 3782 1762 3842 16.

112 3856 261 3917 interesse?
276 3857 450 3930 Cumutique
467 3878 523 3917 non
541 3862 707 3929 modopater
725 3875 847 3929 aqueae
863 3875 922 3916 ma·
953 3853 978 3933 ὁ.
998 3863 1022 3915 si
1038 3861 1097 3931 quit
1134 3880 1195 3917 cant
1212 3853 1238 3914 5.
1258 3873 1283 3915 et
1300 3851 1368 3928 Μ’.
1388 3856 1421 3912 ele
1436 3867 1587 3912 statement.
1614 3867 1666 3909 aar.
1695 3851 1762 3912 llte-

110 3939 155 3985 ter
173 3923 250 3984 falsis
264 3927 298 3987 de
314 3945 402 3988 morte
420 3929 469 3986 filli
487 3929 639 3990 rumoribus
656 3929 711 3985 labi
725 3929 818 4000 possit,
834 3930 863 3988 bt
881 3926 922 3987 sa·
955 3936 1028 3995 nim,

109 3996 189 4056 cilius
215 4000 271 4068 ipse
295 4017 376 4070 quam
404 4018 471 4060 utros
498 4019 529 4068 pr
575 4019 606 4060 er
630 4000 781 4058 absentiam
805 3996 841 4055 al'
953 4013 1000 4058 aut
1018 3947 1088 4056 friso
1105 4017 1210 4059 rumore
1227 4017 1277 4069 pro
1293 4011 1401 4055 mortuo
1419 3994 1535 4078 habitus·
1552 3991 1640 4076 iilius,
1668 3991 1762 4053 fratri·
1855 4036 1858 4044 ,

109 4083 204 4126 causas
220 4066 307 4137 plures
324 4071 466 4142 ignorare,
487 4086 544 4139 post
566 4087 659 4130 arnum
674 4073 846 4128 nassiternam.
893 4072 921 4129 bi
953 4069 1003 4129 bus
1018 4075 1114 4129 ceteris
1132 4069 1281 4128 heredibus
1298 4069 1404 4140 scriptis
1421 4075 1568 4134 accrescat,
1585 4063 1614 4120 sd
1632 4064 1692 4124 ideo
1709 4065 1761 4122 ob-

108 4153 177 4204 ergo
194 4155 211 4195 a
227 4151 347 4208 tempore
363 4143 468 4199 conditi
485 4145 641 4201 testamenti
655 4159 738 4214 usque
753 4140 791 4198 ad
806 4152 922 4200 mortem
952 4142 1056 4213 tinuit,
1073 4159 1108 4197 ne
1126 4150 1336 4208 testamentum,
1353 4138 1425 4208 quod
1443 4153 1498 4192 non
1516 4150 1549 4192 ex
1567 4131 1640 4192 malo
1656 4141 1760 4211 animo,

108 4204 199 4268 filium
217 4212 379 4278 preteritum
395 4229 528 4278 superesse
546 4214 576 4268 in
594 4213 675 4284 vivis,
692 4210 921 4280 autposthurrurm
951 4221 1000 4268 aut
1016 4209 1130 4270 laedendi
1147 4213 1305 4280 proposito,
1321 4209 1368 4267 sed
1384 4225 1417 4266 ert
1436 4202 1499 4263 fabii
1517 4201 1663 4275 probabilis
1680 4211 1759 4281 igno·

108 4283 229 4351 sperari,
249 4279 452 4352 ignoraverint,
471 4296 519 4341 aut
537 4295 600 4353 post
616 4283 757 4341 conditum
773 4291 923 4346 testatum-2
948 4287 1063 4351 ranem,
1081 4286 1163 4338 etlam
1181 4280 1401 4349 prudentissimos
1418 4271 1549 4345 balleum,
1577 4279 1761 4343 preteritioue

106 4361 168 4409 tum
187 4367 295 4419 sperare
347 4356 385 4406 asi
402 4349 576 4418 posthumum
593 4354 762 4423 incipientes,
772 4362 919 4410 testamen·
952 4350 1194 4426 laborat,adeoque
1203 4367 1264 4410 vere
1273 4346 1452 4407 inofficiosum
1463 4365 1519 4406 non
1529 4357 1772 4420 etat,perquere*·

107 4431 169 4479 tum
192 4423 266 4490 prius
291 4367 384 4491 (ibere
408 4420 448 4478 ob·
472 4423 695 4483 incertitudinem
720 4417 830 4491 pertrui,
855 4425 920 4481 dum
952 4420 1481 4492 larnsubverteretur,atqueitatestator
1541 4433 1604 4473 nam
1624 4421 1759 4486 quandam

105 4501 260 4548 monstrum
288 4494 360 4548 nasci
384 4489 428 4548 vel
457 4489 570 4550 abortus
597 4492 654 4551 heri
672 4487 781 4564 potest)
798 4503 922 4562 mutate,
950 4491 1062 4564 subiret,
1070 4496 1219 4564 quicontra
1237 4493 1345 4562 pietatis
1361 4487 1452 4548 officia
1471 4494 1498 4546 ni
1521 4487 1540 4543 il
1558 4487 1667 4564 nrolitm
1682 4501 1758 4546 erat.

105 4559 332 4632 posthumnmque
348 4559 498 4619 adscribere
513 4563 686 4636 distulerint,
710 4562 803 4622 eodem
828 4575 919 4622 autem
950 4562 1057 4620 cantra
1075 4581 1158 4635 vero,
1174 4577 1236 4620 cum
1253 4566 1446 4622 testamentum
1463 4558 1540 4619 nulla
1557 4559 1601 4616 sui
1617 4569 1695 4628 parre
1714 4559 1770 4616 ἑο·-

105 4629 201 4702 ιιάὶιο,
219 4645 331 4704 repente
356 4629 482 4690 humanis
508 4632 588 4691 rebus
613 4639 716 4691 exemti
743 4627 864 4701 iustinta
890 4639 919 4692 in
951 4630 1113 4706 firmaretur,
1125 4639 1176 4692 etsi
1195 4651 1250 4690 non
1268 4631 1393 4692 erunibus
1411 4628 1633 4702 sed'qmbusdam
1649 4639 1769 4686 tantum

103 4712 304 4775 patremeque
323 4717 355 4760 ac
369 4707 488 4759 'matrem
505 4705 618 4772 quadrat
636 4703 751 4764 rariori.
776 4702 840 4776 legit
866 4717 920 4763 ree·
950 4699 1045 4759 liberis
1063 4716 1166 4763 tutores
1183 4721 1217 4762 eo
1233 4705 1291 4764 dati
1307 4717 1415 4770 ments
1446 4721 1477 4760 ac
1505 4697 1617 4770 proinde
1642 4711 1758 4756 certaret

2 4803 3 4844 p
103 4773 149 4828 tie
166 4771 195 4828 C.
213 4769 239 4829 b.
259 4789 279 4831 t.
298 4771 369 4845 quod
387 4789 478 4843 mmpe
494 4776 623 4840 repentini
639 4793 717 4832 caras
734 4773 774 4832 itti
789 4776 861 4830 uitat
876 4787 921 4842 pet
949 4769 997 4828 illa
1015 4779 1171 4832 testamenti
1187 4791 1205 4832 a
1221 4775 1378 4833 rescissione
1396 4768 1553 4833 vindicandi
1572 4767 1662 4840 ratio,
1686 4785 1756 4824 con-

104 4841 290 4918 ctejebitttatte
320 4857 447 4921 tamem
463 4839 552 4914 (adds
578 4846 607 4905 dr
637 4793 789 4918 paternati
811 4846 919 4916 patetis
949 4858 1060 4914 temtans
1076 4855 1192 4916 trah-ut
1210 4845 1356 4905 mundun
1373 4842 1413 4916 ius
1429 4835 1756 4920 communedefiniretut,

1064 3901 1117 3988 uod
1135 3931 1282 4000 preteritus
1305 3945 1351 3999 per
1378 3927 1562 4000 ignorantiam
1588 3922 1763 3998 posthumus,
1861 3924 1868 3942 ¹
