3994 5350
283 215 349 302 164
904 221 974 288 tu.
1000 219 1083 290 rur.
1111 191 1171 287 rar.
1190 219 1242 287 tr.

130 301 137 311 ”
231 316 291 388 pilli
309 314 396 370 adhuc
414 311 530 369 viventis
539 301 714 370 hereditatem
728 307 812 368 ullam
829 326 952 380 esse‚aut
969 333 1033 374 ven·
1050 320 1159 372 ‘emtori
1177 309 1333 369 incumbere
1350 305 1459 382 placuit,
1476 309 1500 368 si
1518 303 1599 367 nodo
1610 299 1736 382 venditet
1753 319 1873 378 helmen-¹

230 387 259 445 di
277 402 371 456 posse,
388 382 476 451 palam
492 394 533 439 est
551 389 585 438 ert
603 381 622 436 l.
644 376 709 449 uff-
717 379 1033 454 davinniusdipaun
1063 387 1178 444 rentiam
1188 380 1280 451 judicis
1295 383 1330 439 ad
1339 382 1498 439 solvendum
1506 383 1652 438 damnatus
1664 383 1709 450 sit,
1727 397 1784 438 non
1795 383 1873 454 iem,

232 470 291 524 rap.
307 467 345 582 13.
356 465 425 536 n.9.·
685 519 692 535 υ
1062 458 1086 512 si
1103 457 1173 509 citra
1191 451 1284 522 judicis
1300 453 1436 509 decretum
1453 465 1549 520 sponte
1568 451 1729 520 prestiterat,
1739 449 1765 506 d.
1776 454 1794 508 l.
1805 468 1831 508 a.
1841 447 1871 530 §t

267 524 294 582 6.
331 524 365 581 ‘ed
384 535 426 580 utr
444 519 570 579 venditor
595 531 692 576 emtori
711 520 745 577 ad
764 521 839 590 plura
856 536 975 596 tenetur,
995 527 1033 582 ita
1063 525 1214 593 soletquaeri
1223 537 1248 594 7.
1292 521 1344 578 .i.
1360 540 1379 578 t.
1404 523 1525 594 Cumque
1542 519 1873 582 hereditstevendttaeo

180 651 190 660 ,
229 600 257 656 ὰ
276 595 393 656 vicissim
410 605 540 664 emtorem
559 591 692 647 venditori
703 590 737 647 ad
757 593 887 651 nonnulla
906 608 1032 664 praestan·
1063 594 1159 652 cundia
1178 592 1239 650 loco
1277 590 1382 651 abenda
1398 595 1466 661 sint,
1484 609 1514 645 ac
1532 597 1554 646 si
1572 607 1686 661 ponper
1703 591 1874 652 venditorem

229 669 266 725 da
282 664 432 734 obligatum
448 679 523 730 esse,
541 662 570 714 ln
587 673 681 728 aperto
697 670 743 715 est.
762 663 820 718 Aut
838 666 912 720 enim
930 665 1033 724 heredi-
1064 665 1258 722 redemtorem
1277 669 1362 731 ipsum
1381 663 1467 720 aditio
1485 657 1556 718 seila
1572 674 1659 725 meet,
1686 662 1788 718 rationi
1804 679 1874 720 con-

230 741 294 792 tatis
313 734 437 790 venditor
456 731 569 786 necdum
584 725 749 810 hereditario
767 734 876 790 nomine
892 741 1032 804 quicquam
1061 749 1218 791 sentaneuus
1235 729 1297 802 suit,
1316 733 1483 790 venditorem
1501 728 1729 799 internecarent,
1747 743 1874 798 quotum

231 805 352 874 impedit,
368 815 416 858 aut
432 817 464 860 ex
481 802 594 857 adverso
601 801 719 870 quedam
738 815 790 866 tam
808 801 903 872 solvit,
916 819 962 861 aut
980 804 1032 860 ali·
1061 804 1197 874 prediales
1214 815 1272 858 tum
1290 801 1442 870 personales
1459 803 1602 856 servitutes
1612 800 1638 853 ei
1656 800 1685 854 in
1695 797 1775 857 rebus
1791 800 1873 862 here·

182 921 187 930 .
230 889 273 932 tet
300 876 329 928 in
348 872 523 929 hereditatem
549 885 652 926 sumtus
669 866 742 925 fecit.
769 868 801 926 Si
819 873 939 930 nondum
955 876 1031 946 quic-
1060 875 1167 932 ditariis
1174 875 1378 940 competierunt,
1395 873 1422 928 bt
1439 871 1558 927 aditione
1572 869 1693 936 adeoque
1707 869 1872 930 confusione

230 961 310 1026 quam
328 943 363 999 ab
381 962 412 998 eo
439 945 467 996 in
486 937 662 998 hereditatem
679 951 834 1011 erogatum,
858 944 905 1000 sed
923 957 1031 999 tantum
1061 941 1186 999 extinile
1204 938 1323 1011 luerunt,
1341 941 1377 996 ab
1394 953 1497 995 emtore
1515 939 1744 1010 redintegrentur,
1761 940 1780 995 l.
1800 958 1826 998 a.
1844 935 1873 1014 ἕ.

229 1015 330 1086 judicio
354 1022 503 1068 conventus
521 1006 621 1078 fuerit,
647 1025 707 1064 cum
725 1016 835 1090 emtoris
853 1013 972 1080 periculo
998 1014 1031 1070 lis
1059 1028 1115 1082 pera
1129 1009 1166 1082 ff.
1183 1010 1208 1087 i,
1227 1026 1247 1066 r.
1258 1011 1276 1065 l.
1286 1012 1309 1064 ri
1325 1013 1349 1065 η’
1357 1023 1384 1082 9.
1400 1005 1433 1076 ffi
1449 1005 1678 1080 emmaspmi.
1692 1025 1755 1064 ram
1772 1009 1870 1069 orbari.

229 1085 360 1156 agitanda
377 1089 422 1152 sit,
439 1076 509 1136 teile
526 1077 561 1133 ab
578 1089 680 1134 emtore
687 1079 886 1153 desideraverit,
903 1097 933 1140 ut
951 1090 973 1139 is
989 1087 1029 1140 sui
1060 1089 1141 1152 quam
1158 1082 1247 1137 rustic.
1265 1092 1344 1148 atque
1362 1085 1421 1136 insu
1455 1097 1468 1134 r
1484 1088 1517 1136 ea
1536 1077 1675 1134 solvantur
1691 1079 1794 1150 omum,
1812 1095 1871 1154 que

229 1149 400 1226 (venditoris)
418 1145 738 1208 defensionemadversus
756 1145 931 1208 hereditarios
948 1157 1029 1210 susci-
1061 1151 1195 1208 venditori
1213 1166 1229 1203 a
1245 1144 1374 1206 defenito
1393 1095 1488 1204 eei‘ab
1506 1146 1605 1206 herede
1622 1147 1807 1207 ezeoluntate
1818 1153 1870 1209 de·

228 1225 286 1294 piat
304 1224 455 1288 creditores,
473 1219 491 1274 l.
508 1216 681 1275 ¹hereditatem
695 1214 778 1287 stiffi
796 1219 925 1278 adanae.
944 1224 1029 1292 arg.l.
1060 1217 1486 1286 supereminentissima
1515 1215 1649 1285 fuissent,
1675 1219 1700 1271 si
1727 1235 1781 1277 uon
1805 1223 1870 1289 ipse

229 1286 290 1365 nh.
300 1292 347 1348 ult.
354 1291 389 1361 ff.
402 1290 427 1346 b.
437 1306 456 1345 t.
476 1288 540 1345 licet
557 1301 645 1345 emtor
662 1288 765 1345 invitas
774 1291 895 1358 compelli
915 1305 1028 1360 nequeat
1060 1289 1186 1346 venditor
1202 1289 1247 1345 sed
1264 1303 1405 1346 extraneus
1415 1285 1592 1346 hereditatem
1607 1287 1754 1354 adivissets
1769 1291 1794 1344 si
1810 1305 1872 1348 mo·

228 1381 246 1420 a
265 1367 414 1431 venditore,
432 1373 460 1416 ut
478 1360 607 1428 excipiat,
623 1368 670 1413 aut
689 1358 717 1412 in
735 1377 763 1414 se
782 1357 929 1416 transferat
940 1360 1029 1419 adio·
1057 1360 1094 1417 do
1111 1354 1169 1426 ejus
1185 1357 1269 1416 debiti
1287 1359 1415 1416 adversus
1442 1357 1566 1414 heredem
1583 1355 1690 1414 eradiio
1716 1373 1870 1428 competere

227 1449 296 1556 serg
311 1432 447 1556 vienditori
464 1427 822 1552 motarnsautbtfitovleenffim,
839 1429 860 1483 l.
879 1432 1028 1556 ratgjurir
1057 1433 1257 1551 potuelrit,·non
1276 1429 1385 1554 1τὲἻὲ
1393 1440 1481 1554 marrae
1497 1418 1650 1553 εέίὶηᾶῧη)
1656 1428 1701 1494 sit,
1718 1427 1783 1484 dum
1794 1425 1868 1516 forte

227 1507 1028 1688 itm,thtiit,„itttttlattfrht‘tlnh3.tt.
1059 1509 1591 1654 iiiiiihiiaiiniiif‘nfm’
1618 1487 1870 1650 ''fimi''

225 1633 1025 1780 art{tatutitulat„trattati-ticina·
1057 1633 1870 1774 nl,uttamutastitntuttuu‘tttam

227 1799 306 1908 (cisse,
324 1781 351 1836 ἂ
369 1772 892 1900 erit-<littaeibusdi{toretrsngfvrelniioaitionest
904 1790 1028 1848 oportere
1058 1773 1196 1901 honerdtitms
1206 1775 1335 1903 gihun&
1359 1774 1491 1898 ubiEnon
1514 1774 1685 1898 ahprzatist,
1705 1774 1752 1900 {ed
1769 1776 1870 1900 {fisco

226 1863 408 1978 cahrsissitr'sffl
410 1863 580 1972 {olsffinms
589 1913 632 1980 67.
643 1861 710 1966 nutri
717 1910 744 1980 4.
755 1861 845 1984 tante?
854 1863 1026 1974 grisii&
1057 1863 1105 1970 tritr
1120 1856 1870 1996 nohsipstsetrtnantauhartailigggcghmitdsbimssliterwe
1933 1913 1938 1922 ’

117 2027 122 2034 ·
223 2005 279 2062 gen
296 1987 332 2044 ad
342 1989 360 2042 l.
370 2002 394 2041 a.
406 1987 433 2040 C.
444 1983 469 2040 b.
480 2003 499 2040 ι.
509 1983 567 2038 adl.
579 1985 621 2036 ab.
625 1979 663 2051 ᾖ
670 1980 702 2034 de
711 1981 844 2038 denarios.
865 1983 968 2042 lnvitos
985 2003 1026 2043 sa·
1055 1984 1169 2040 ditarios
1187 1985 1327 2040 restituere
1343 1982 1436 2040 debete
1454 1983 1499 2040 sed
1515 1983 1542 2040 dr
1561 1985 1679 2038 vicissim
1697 2001 1757 2054 eas,
1774 2003 1832 2056 qua
1849 2005 1870 2044 a

217 2076 262 2120 ,ne
278 2059 422 2114 creditores
443 2052 617 2110 hereditarios
634 2049 669 2108 ad
686 2050 714 2108 id
726 2055 892 2124 constringi,
902 2067 931 2111 ut
941 2069 1026 2112 emto·
1057 2051 1233 2109 creditoribus
1252 2051 1421 2118 hereditariis
1438 2051 1575 2110 movenda
1591 2065 1673 2123 sunt,
1695 2055 1818 2122 excipere
1835 2057 1870 2115 in

216 2144 284 2186 rem
301 2127 487 2194 conveniant,
505 2123 626 2192 iniqutun
645 2117 735 2186 foret,·
762 2123 856 2191 quippe
874 2124 970 2192 quibus
989 2124 1026 2194 ius
1056 2124 1210 2179 universum
1227 2120 1373 2180 obertum
1389 2135 1440 2192 est,
1458 2139 1508 2177 nec
1527 2119 1619 2176 liscum
1636 2123 1805 2181 venditorem
1831 2129 1868 2184 iis

225 2196 325 2267 agendi
343 2194 469 2252 adversus
487 2188 772 2260 venditorem,veluti
790 2192 961 2251 eruditione
979 2194 1024 2250 hc-
1057 2193 1214 2260 respondete
1231 2191 1378 2263 compellit,
1396 2193 1415 2246 l.
1429 2186 1868 2270 r-C.b.t.l.rurn,quidr.fflde
1970 2247 1974 2254 ,

225 2265 335 2332 sedem,
362 2266 543 2324 conventione
570 2261 675 2330 privata
691 2259 803 2316 emtoris
829 2277 861 2315 ac
879 2265 1027 2322 venditoris
1050 2259 1198 2331 jurefirci.
1217 2257 1260 2319 De
1288 2261 1345 2330 ipso
1362 2278 1427 2318 vero
1445 2259 1604 2316 hereditatis
1626 2277 1682 2330 tute
1708 2255 1811 2320 nuliam
1825 2265 1867 2322 ab

223 2333 307 2390 adimi
325 2350 380 2388 non
399 2333 486 2399 potuit
503 2343 550 2385 aut
560 2328 706 2397 immutari,
723 2343 780 2400 arg.
798 2329 816 2385 l.
826 2327 974 2388 debitorum
984 2333 1025 2388 25.
1055 2331 1110 2386 alio
1127 2330 1340 2386 controversiam
1358 2333 1477 2404 patitur,
1497 2348 1545 2386 nec
1572 2327 1708 2389 heredites
1733 2335 1758 2390 ei
1775 2347 1868 2400 potat

226 2403 255 2458 C.
267 2401 299 2456 dr
306 2403 390 2469 pallis
401 2439 409 2469 ,
420 2403 438 2456 l.
453 2399 621 2465 [superatores
632 2395 659 2454 5.
663 2397 699 2469 ff.
709 2397 741 2451 de
750 2401 880 2456 transies.
891 2399 917 2456 d.
927 2403 945 2458 Ι.
960 2419 985 2457 2.
996 2403 1024 2456 C.
1056 2404 1083 2455 in
1104 2411 1190 2456 tottun
1207 2414 1256 2456 aut
1273 2418 1307 2457 er
1325 2416 1402 2469 parte
1419 2399 1529 2464 e'vlnciq
1546 2415 1609 2456 cum
1626 2413 1744 2460 ementes
1759 2419 1776 2457 a
1793 2401 1865 2460 fisco

221 2469 251 2528 d.
270 2487 291 2526 a·
318 2469 347 2528 Si
366 2483 456 2526 tamen
473 2469 619 2527 creditores
640 2479 736 2524 contra
753 2481 883 2526 amtorem
909 2470 1026 2529 aulones
1055 2473 1145 2526 statim
1162 2472 1248 2526 securi
1266 2473 1341 2541 sint,
1359 2474 1387 2528 dr
1407 2467 1498 2526 fiscum
1516 2470 1602 2536 ipsum
1620 2472 1778 2530 vendentem
1794 2491 1867 2528 con-

223 2559 285 2598 suas
303 2557 407 2598 movere
425 2545 549 2608 ceperint
577 2542 604 2597 dr
623 2541 644 2596 ls
660 2551 807 2607 spontanea
824 2539 966 2598 voluntate
982 2559 1026 2599 eas
1055 2547 1146 2596 venire
1161 2539 1269 2610 debeat,
1286 2541 1407 2612 quisquis
1425 2535 1523 2605 iudicio
1541 2541 1703 2596 contendere
1719 2543 1811 2612 cupit,
1826 2543 1870 2601 acl

227 2617 385 2682 exceperit,
403 2614 492 2667 tacite
511 2579 643 2678 pullionis
659 2612 816 2676 exceptione
844 2611 873 2665 in
893 2625 1026 2680 posterum
1054 2627 1083 2665 se
1099 2607 1240 2666 venditam
1257 2617 1390 2679 pertinere
1409 2608 1598 2678 hereditatem,
1613 2603 1638 2684 h.
1658 2627 1708 2666 ιιι.
1721 2613 1870 2672 irreme-

223 2697 253 2738 se
271 2682 396 2738 venditor
422 2681 491 2738 tueri
509 2691 614 2751 posset,
640 2683 716 2750 quasi
734 2679 759 2734 id
777 2677 864 2736 adium
883 2693 971 2751 esset,
989 2697 1025 2736 ne
1055 2679 1365 2748 sacramentaneus
1383 2679 1551 2751 quadriennii
1567 2683 1702 2748 prescripr.

152 2754 157 2770 ‘
223 2749 372 2808 creditores
389 2747 426 2804 ab
442 2767 475 2806 eo
492 2761 594 2821 petant,
612 2751 628 2806 Ι.
646 2763 701 2818 porr
718 2749 863 2804 venditores
881 2764 906 2805 a.
926 2749 1025 2807 Coddr
1087 2760 1115 2818 9.
1135 2747 1229 2808 Altera
1246 2749 1321 2807 tituli
1339 2767 1400 2818 pars
1415 2763 1455 2805 est
1472 2751 1507 2804 de
1524 2743 1757 2818 auionevendice,
1775 2750 1867 2818 (μή

219 2821 316 2889 partis.
326 2821 404 2878 Adde
414 2823 457 2875 tir.
467 2819 500 2874 ds
507 2821 590 2887 podiis
600 2837 676 2877 num.
691 2817 735 2875 15.
971 2839 974 2844 ¹
1056 2819 1176 2892 venditio
1193 2836 1249 2876 non
1267 2822 1452 2876 consentiente
1468 2827 1594 2886 tantum,
1610 2815 1659 2870 sed
1675 2819 1701 2873 dr
1720 2819 1810 2874 inrito
1828 2836 1869 2876 ac

260 2905 286 2960 7.
308 2887 390 2964 Quod
407 2895 428 2944 si
445 2908 461 2946 e
477 2891 617 2946 contrario
635 2888 676 2944 vel
694 2901 759 2945 ante
777 2887 818 2943 rel
837 2898 895 2956 post
919 2887 1024 2948 heredi-
1055 2885 1204 2946 retourne
1219 2888 1344 2947 debitore
1361 2886 1416 2946 fieri
1434 2898 1529 2953 potest,
1545 2887 1564 2939 l.
1586 2882 1867 2944 aestimationi.

220 2963 288 3020 tatis
306 2960 489 3017 venditionem
509 2960 536 3014 ln
556 2957 732 3016 hereditatem
749 2968 851 3014 sumtus
860 2954 964 3028 fecerit,
983 2958 1024 3016 vel
1055 2961 1199 3013 rinorm'nir
1209 2973 1234 3014 2.
1244 2959 1273 3014 C.
1283 2959 1315 3014 de
1324 2959 1456 3015 novarien.
1466 2956 1484 3010 l.
1495 2958 1518 3010 rr'
1526 2957 1641 3010 nominis
1650 2948 1677 3010 3.
1686 2955 1713 3010 C.
1724 2955 1779 3013 Μ.
1790 2955 1870 3016 Vide

222 3031 386 3088 hereditaria
404 3025 515 3083 solverit
532 3025 640 3095 debita,
658 3029 686 3086 ld
711 3041 791 3082 omne
807 3025 843 3082 ab
860 3039 962 3084 emtore
980 3047 1024 3097 per
1054 3023 1451 3097 riadepiocmnamuamll,
1472 3027 1528 3084 sive
1545 3022 1869 3095 wastinensem
1913 3042 1915 3052 ’

221 3099 358 3158 adlionem
375 3094 553 3164 exstipulatu
572 3097 614 3154 vel
621 3113 653 3154 ex
674 3099 784 3154 vendito
794 3107 911 3163 repetere
928 3112 1024 3169 potest,
1048 3097 1097 3153 ‘die
1115 3096 1159 3154 vel
1175 3099 1333 3155 conditione
1350 3113 1494 3166 suspense:
1512 3098 1611 3152 naut&
1625 3089 1867 3165 mimampurim

220 3171 239 3226 l.
252 3172 275 3224 ri
284 3163 437 3236 expluribus
451 3159 564 3230 rdffib.
575 3181 596 3221 a.
607 3165 623 3220 l.
634 3169 703 3223 ratio
712 3181 735 3220 a.
746 3167 775 3221 C.
785 3162 810 3219 l.
821 3183 841 3220 r.
859 3163 904 3221 lix
913 3167 1025 3224 vendito
1054 3165 1103 3222 sub
1120 3167 1296 3239 conditione,
1313 3171 1341 3227 dt
1358 3166 1575 3226 conditionalem
1600 3183 1665 3233 pure
1689 3165 1771 3222 vendi
1788 3181 1865 3234 porse

220 3240 346 3313 quidem,
363 3238 387 3292 si
406 3233 478 3292 nulla
497 3235 634 3303 stipulatio
651 3240 720 3293 inter
737 3248 866 3292 amtorem
882 3237 911 3293 dr
931 3239 1024 3294 vendi·
1054 3247 1175 3293 coemat:
1194 3249 1225 3294 ut
1242 3250 1335 3296 tamen
1354 3255 1410 3294 non
1430 3237 1501 3296 idem
1519 3252 1600 3304 usqae
1619 3235 1784 3292 venditionis
1799 3231 1864 3292 effe·

152 3345 158 3362 .
222 3323 311 3364 torem
330 3308 365 3362 sit
383 3310 522 3376 interponit
567 3306 631 3362 le.
650 3301 675 3376 d.
694 3308 748 3360 rive
767 3308 879 3372 ipresrr.
895 3302 932 3372 Ε
952 3303 977 3362 b.
1003 3322 1023 3361 r.
1053 3301 1111 3360 tiu
1127 3311 1173 3362 sit.
1190 3304 1266 3363 Nam
1283 3310 1305 3362 si
1322 3306 1376 3364 sub
1399 3307 1557 3362 conditione
1582 3301 1705 3364 debitum
1730 3306 1866 3362 vendatur

219 3377 328 3437 aeliane
346 3392 410 3432 vero
426 3319 606 3444 exstiptilstu,
624 3381 647 3431 si
657 3374 940 3440 intercesserintemtn
957 3391 1024 3431 ven·
1054 3382 1227 3500 pestremo
1253 3377 1346 3432 statim
1362 3373 1479 3443 perfecta
1497 3387 1548 3443 est,
1565 3392 1598 3430 ac
1617 3375 1653 3430 ad
1672 3378 1788 3443 pretium
1802 3372 1862 3431 sols

218 3451 332 3520 direque
352 3445 508 3502 hereditatis
524 3445 719 3515 stipulationes,
736 3464 792 3515 que
802 3441 951 3512 frequentes
959 3443 1025 3498 olim
1054 3459 1106 3499 ven
1126 3461 1171 3501 um
1187 3445 1319 3516 obligatio
1338 3459 1413 3515 nata,
1432 3445 1589 3501 licetemtos
1606 3447 1740 3506 existente
1754 3443 1864 3502 &mrum

217 3531 309 3588 erant,
324 3513 470 3584 quibusque
497 3515 525 3571 id
543 3515 684 3586 agebatur,
700 3514 811 3581 utquod
829 3514 1024 3582 venditorper·
1053 3515 1209 3572 conditione
1223 3518 1341 3587 persequi
1359 3515 1441 3582 possit
1448 3515 1522 3584 quod
1541 3517 1652 3569 nomine
1661 3515 1774 3571 vendito
1789 3529 1864 3572 com·
1969 3519 1971 3522 ’

218 3595 329 3658 cepisset
347 3585 467 3652 lucrum,
486 3588 582 3640 emtori
593 3589 752 3655 restitueret,
769 3583 877 3653 &quod
894 3583 1024 3639 damnum
1054 3581 1213 3650 prehensum
1231 3597 1289 3650 esta
1316 3583 1360 3642 vel
1377 3585 1414 3640 ob
1434 3581 1570 3641 defectum
1596 3581 1763 3641 conditionis
1787 3587 1863 3642 omni

217 3669 314 3729 passus¹
324 3669 399 3726 esset,
409 3654 436 3710 id
453 3667 539 3710 emtor
557 3654 707 3724 resarciret,
715 3647 741 3724 0
751 3671 808 3724 eigo
820 3654 847 3708 h'.
858 3651 983 3708 initiale
988 3653 1022 3722 fi·
1053 3666 1144 3708 catat
1160 3655 1333 3722 persequendi
1349 3657 1488 3722 potestate.
1507 3653 1557 3708 Sin
1567 3669 1664 3721 purum
1680 3652 1864 3711 debitumotb

215 3728 391 3786 dricommirr.
410 3723 495 3779 bared
506 3724 522 3777 l.
534 3725 619 3780 inille
637 3723 802 3791 stipulatione
810 3720 852 3776 50.
868 3715 893 3793 d.
912 3737 934 3776 r.
948 3720 1023 3791 Μ
1053 3723 1209 3779 conditione
1226 3725 1385 3782 distractum
1404 3721 1495 3794 himin
1514 3735 1653 3778 non-ante
1671 3723 1793 3780 venditio
1802 3742 1863 3791 per·

125 3827 131 3834 ·
215 3795 397 3868 oerbmbligaa.
417 3789 519 3851 Confer
536 3789 676 3861 Cuiacium
693 3789 738 3848 lib.
750 3807 775 3847 a.
786 3790 882 3846 abrasa.
893 3786 935 3844 5ο.
954 3787 1023 3914 Pai-
1054 3788 1122 3846 secta
1139 3800 1242 3850 censeri
1259 3793 1359 3861 debet,
1376 3807 1422 3850 aut
1441 3793 1475 3849 acl
1493 3797 1609 3860 pretium
1628 3792 1739 3848 inducta
1755 3791 1862 3866 obliga·

215 3867 267 3924 bus
283 3879 449 3936 consequens
466 3873 516 3932 est,
534 3873 563 3918 ut
582 3877 726 3932 recuparet,
743 3860 840 3933 siquid
855 3857 956 3930 vediiga
969 3866 1024 3918 ium
1051 3861 1109 3930 tio,
1126 3862 1246 3928 quamsi
1263 3866 1386 3920 conditio
1400 3863 1540 3930 extiterit,
1557 3879 1591 3917 ex
1608 3879 1660 3932 qua
1678 3861 1799 3918 venditio
1816 3879 1864 3920 au·

213 3949 262 3994 aut
279 3933 443 3991 tributorum
462 3933 572 3988 nomine
589 3931 754 4001 dependerit,
770 3932 824 3986 da.
854 3929 1022 4000 .riqoidpe-
1051 3947 1144 3995 spensa
1158 3941 1228 4002 erat,
1238 3933 1256 3986 l.
1266 3936 1376 3988 nmina
1390 3947 1430 4003 ιγ.
1440 3933 1459 3988 l.
1467 3932 1583 3988 malrum
1592 3933 1697 3986 interest
1709 3942 1749 4001 19·
1751 3927 1791 4001 ff.
1801 3930 1829 3989 i.
1840 3947 1863 3988 r.

214 4005 278 4062 blici
292 4001 330 4060 16.
342 3998 377 4070 ff.
386 4001 410 4058 b.
421 4017 440 4055 t.
460 4014 507 4058 aut
524 4006 545 4057 si
563 4002 625 4072 quid
645 4007 671 4058 in
693 3996 910 4058 innnocentii
927 4017 1021 4072 eroga·
1052 3995 1147 4070 Neque
1166 4003 1291 4072 interest,
1308 4016 1400 4060 utrum
1416 4003 1447 4056 in
1465 4017 1522 4059 rem
1539 4007 1614 4055 attin
1631 4016 1771 4067 personam
1787 4005 1865 4059 actio

212 4075 294 4140 verit,
313 4077 376 4127 orm
392 4073 419 4129 δι
439 4071 490 4126 ista
509 4071 630 4141 impensa
647 4069 809 4128 hereditaria
825 4071 872 4139 sit,
892 4063 1019 4142 d.l.a.§
1050 4072 1161 4137 sitque
1179 4071 1318 4129 venduut:
1336 4072 1398 4128 licet
1415 4073 1489 4130 enim
1498 4070 1603 4126 directa
1622 4071 1650 4123 in
1662 4085 1719 4126 rem
1736 4070 1866 4138 aetiopes

214 4142 312 4217 quadri
321 4139 419 4213 sitnm
432 4153 470 4210 17.
479 4137 512 4210 ff
521 4139 546 4197 b.
557 4157 578 4197 t.
597 4141 642 4200 secl
659 4145 688 4201 dt
705 4144 770 4196 slex
786 4151 862 4208 parte
880 4137 1021 4196 heresexi-
1051 4137 1120 4194 nulli
1137 4155 1287 4209 competere
1303 4147 1412 4211 possint,
1431 4142 1486 4196 nisi
1502 4143 1536 4208 ei,
1553 4143 1600 4209 mii
1619 4136 1700 4196 habet
1717 4135 1758 4205 jus
1774 4139 1804 4197 in
1823 4157 1862 4210 re,

100 4260 103 4265 .
212 4225 287 4272 stens
299 4224 398 4279 toturn,
415 4211 486 4276 quod
505 4206 658 4269 adstantia
674 4207 724 4267 sub
734 4207 941 4280 poenadebitum
949 4223 1018 4279 etat,
1050 4211 1079 4265 dr
1097 4206 1155 4278 jure
1172 4213 1293 4284 gentium
1310 4211 1435 4269 aelclvili
1448 4209 1585 4267 'dominus'
1596 4212 1676 4277 est3L
1688 4212 1785 4265 ierem
1793 4212 1865 4266 urio

211 4284 285 4342 solus
302 4280 445 4338 exsolverit
462 4299 542 4349 prena
559 4279 801 4353 evitandegratia,
818 4290 1018 4348 antequamco-
1048 4273 1092 4332 23.
1095 4274 1133 4344 ff.
1145 4277 1177 4334 de
1188 4281 1227 4335 rei
1236 4281 1362 4338 vindicas.
1381 4283 1598 4352 &peractionis
1616 4279 1861 4338 venditionemdn-

211 4353 320 4412 heredes
337 4353 421 4408 ceteri
438 4348 613 4409 hereditatem
630 4351 786 4417 adivissem,
804 4365 853 4404 nec
871 4359 961 4415 postea
983 4347 1019 4404 ab
1047 4351 1161 4405 minium
1178 4366 1268 4408 retum
1287 4354 1394 4408 actione
1412 4351 1587 4418 petendarum
1613 4368 1669 4406 non
1688 4351 1861 4421 acquiratur,

211 4423 254 4482 his
270 4423 307 4479 ob
323 4437 415 4476 eorum
432 4433 578 4504 egestatem
595 4431 747 4488 recuperare
758 4418 877 4487 potuerit
893 4419 962 4484 quod
973 4435 1016 4478 su·
1047 4420 1064 4472 l.
1074 4419 1169 4487 ΜΟ.
1181 4421 1206 4477 b.
1216 4437 1237 4474 r.
1256 4424 1416 4488 quistamen
1428 4419 1510 4476 utiles
1527 4420 1556 4472 in
1566 4437 1624 4477 reru
1640 4425 1761 4477 actiones
1774 4420 1862 4478 etiam

205 4512 257 4562 pra
274 4507 350 4550 suam
368 4503 526 4558 prestiterat
545 4491 715 4560 portionem,
733 4487 784 4545 hoc
802 4503 905 4558 quoque
922 4489 1017 4544 vendi·
1048 4505 1102 4543 non
1119 4490 1235 4546 dominis
1252 4503 1402 4558 competere
1418 4507 1505 4558 posse,
1522 4485 1625 4557 plenius
1643 4492 1699 4545 ier.
1710 4489 1862 4547 descivis-

208 4567 263 4624 tori
280 4574 470 4631 percantarent
487 4574 609 4628 oportere
626 4559 744 4631 refundi,
762 4557 835 4616 velut
852 4555 1018 4614 hereditario
1045 4555 1125 4612 ucat.
1136 4577 1209 4615 nam.
1220 4577 1265 4615 ar.
1284 4557 1337 4616 suit
1353 4562 1515 4628 expositum,
1539 4557 1610 4614 nihil
1628 4571 1714 4630 vetat,
1731 4575 1785 4630 quo
1802 4561 1858 4614 sni·

209 4639 321 4691 nomine
338 4630 470 4700 solutum,
485 4630 605 4688 Julianus
623 4622 964 4700 restaurandarum
977 4624 1016 4684 18.
1047 4645 1096 4684 nus
1112 4629 1140 4685 ds
1159 4629 1188 4684 in
1202 4647 1258 4686 rem
1274 4629 1562 4687 actionesvendautut·
1576 4628 1659 4698 adid,
1676 4629 1752 4686 utilis
1761 4627 1863 4692 saltem

200 4702 239 4778 ffl
250 4705 274 4760 b.
285 4721 304 4758 r.
324 4700 398 4771 Quin
418 4702 483 4770 imo,
500 4703 527 4758 ir
537 4703 560 4755 si
578 4698 740 4770 indebitum,
758 4701 832 4775 quasi
840 4693 960 4754 debimm
969 4696 1016 4753 he·
1046 4699 1074 4752 in
1093 4711 1150 4756 tem
1164 4703 1239 4754 actio
1255 4717 1301 4768 per
1319 4713 1450 4757 emtorem
1460 4710 1611 4768 mereatur,
1627 4712 1709 4767 atque
1718 4700 1758 4757 ita
1770 4715 1860 4768 quan-

202 4775 375 4842 reditsnum,
392 4770 738 4841 avenutoreroutrmiu,
755 4783 810 4838 erus
819 4771 1017 4836 restitutionem
1046 4781 1105 4831 tutu
1117 4767 1157 4834 ed
1173 4766 1252 4835 utiles
1269 4775 1388 4833 actuues
1405 4768 1482 4838 uuila
1499 4770 1571 4828 iuter
1588 4771 1619 4830 ia
1636 4772 1730 4834 rem&
1749 4769 1778 4830 iu
1797 4787 1859 4840 per-
