<?xml version="1.0" encoding="UTF-8"?>
<!DOCTYPE html PUBLIC "-//W3C//DTD XHTML 1.0 Transitional//EN"
    "http://www.w3.org/TR/xhtml1/DTD/xhtml1-transitional.dtd">
<html xmlns="http://www.w3.org/1999/xhtml" xml:lang="en" lang="en">
 <head>
  <title>
</title>
<meta http-equiv="Content-Type" content="text/html;charset=utf-8" />
  <meta name='ocr-system' content='tesseract 3.04.00' />
  <meta name='ocr-capabilities' content='ocr_page ocr_carea ocr_par ocr_line ocrx_word'/>
</head>
<body>
  <div class='ocr_page' id='page_1' title='image "./joannisvoetcomm00voetgoog_0387.png"; bbox 0 0 4022 5352; ppageno 0'>
   <div class='ocr_carea' id='block_1_1' title="bbox 82 214 1789 384">
    <p class='ocr_par' dir='ltr' id='par_1_1' title="bbox 82 214 1789 384">
     <span class='ocr_line' id='line_1_1' title="bbox 82 214 1743 308; baseline 0.01 -36"><span class='ocrx_word' id='word_1_1' title='bbox 82 255 102 293; x_wconf 25' lang='grc' dir='ltr'>,Μ</span> <span class='ocrx_word' id='word_1_2' title='bbox 747 219 783 282; x_wconf 89' lang='lat' dir='ltr'>Si</span> <span class='ocrx_word' id='word_1_3' title='bbox 808 219 893 303; x_wconf 77' lang='lat' dir='ltr'>Ager</span> <span class='ocrx_word' id='word_1_4' title='bbox 917 215 1108 308; x_wconf 69' lang='lat' dir='ltr'>redigatis,</span> <span class='ocrx_word' id='word_1_5' title='bbox 1125 219 1195 286; x_wconf 71' lang='lat' dir='ltr'>ilc.</span> <span class='ocrx_word' id='word_1_6' title='bbox 1619 217 1624 225; x_wconf 77' lang='grc'><em>“</em></span> <span class='ocrx_word' id='word_1_7' title='bbox 1677 214 1743 288; x_wconf 83' lang='lat' dir='ltr'>iat&#39;i</span> 
     </span>
     <span class='ocr_line' id='line_1_2' title="bbox 169 302 1789 384; baseline 0.001 -19"><span class='ocrx_word' id='word_1_8' title='bbox 169 333 173 338; x_wconf 94' lang='lat'>·</span> <span class='ocrx_word' id='word_1_9' title='bbox 211 303 328 374; x_wconf 59' lang='lat' dir='ltr'>&#39;latret</span> <span class='ocrx_word' id='word_1_10' title='bbox 346 302 389 361; x_wconf 79' lang='lat' dir='ltr'>rl</span> <span class='ocrx_word' id='word_1_11' title='bbox 401 303 433 364; x_wconf 82' lang='lat' dir='ltr'>il</span> <span class='ocrx_word' id='word_1_12' title='bbox 447 323 499 364; x_wconf 79' lang='lat' dir='ltr'>mii</span> <span class='ocrx_word' id='word_1_13' title='bbox 514 309 665 378; x_wconf 81' lang='lat' dir='ltr'>possessorio</span> <span class='ocrx_word' id='word_1_14' title='bbox 676 308 957 384; x_wconf 79' lang='lat' dir='ltr'>irlprrierrirjrrlicir</span> <span class='ocrx_word' id='word_1_15' title='bbox 986 318 1153 384; x_wconf 80' lang='lat' dir='ltr'>mminaios,</span> <span class='ocrx_word' id='word_1_16' title='bbox 1173 327 1306 370; x_wconf 73' lang='lat' dir='ltr'>moseum</span> <span class='ocrx_word' id='word_1_17' title='bbox 1321 321 1467 382; x_wconf 75' lang='lat' dir='ltr'><strong>constans,</strong></span> <span class='ocrx_word' id='word_1_18' title='bbox 1491 327 1545 384; x_wconf 88' lang='lat' dir='ltr'>quo</span> <span class='ocrx_word' id='word_1_19' title='bbox 1561 312 1689 384; x_wconf 81' lang='lat' dir='ltr'>predium</span> <span class='ocrx_word' id='word_1_20' title='bbox 1706 312 1789 370; x_wconf 86' lang='lat' dir='ltr'>alicui</span> 
     </span>
    </p>
   </div>
   <div class='ocr_carea' id='block_1_2' title="bbox 147 375 1793 526">
    <p class='ocr_par' dir='ltr' id='par_1_2' title="bbox 147 375 1793 526">
     <span class='ocr_line' id='line_1_3' title="bbox 216 375 1791 453; baseline 0.004 -19"><span class='ocrx_word' id='word_1_21' title='bbox 216 375 377 434; x_wconf 74' lang='lat' dir='ltr'>contendere.</span> <span class='ocrx_word' id='word_1_22' title='bbox 986 379 1126 442; x_wconf 72' lang='lat' dir='ltr'>suendum</span> <span class='ocrx_word' id='word_1_23' title='bbox 1143 382 1301 440; x_wconf 79' lang='lat' dir='ltr'>conceditur</span> <span class='ocrx_word' id='word_1_24' title='bbox 1317 388 1347 438; x_wconf 88' lang='lat' dir='ltr'>in</span> <span class='ocrx_word' id='word_1_25' title='bbox 1365 395 1541 453; x_wconf 87' lang='lat' dir='ltr'>perpetuom,</span> <span class='ocrx_word' id='word_1_26' title='bbox 1566 395 1615 440; x_wconf 86' lang='lat' dir='ltr'>aut</span> <span class='ocrx_word' id='word_1_27' title='bbox 1634 381 1669 440; x_wconf 89' lang='lat' dir='ltr'>nd</span> <span class='ocrx_word' id='word_1_28' title='bbox 1686 397 1791 452; x_wconf 80' lang='lat' dir='ltr'>tempos</span> 
     </span>
     <span class='ocr_line' id='line_1_4' title="bbox 147 442 1793 526; baseline 0.003 -22"><span class='ocrx_word' id='word_1_29' title='bbox 147 443 188 504; x_wconf 74' lang='lat'>51.</span> <span class='ocrx_word' id='word_1_30' title='bbox 205 442 297 505; x_wconf 59' lang='lat' dir='ltr'>&amp;nita</span> <span class='ocrx_word' id='word_1_31' title='bbox 314 443 483 517; x_wconf 78' lang='lat' dir='ltr'>emphyteusi,</span> <span class='ocrx_word' id='word_1_32' title='bbox 500 466 539 504; x_wconf 82' lang='lat' dir='ltr'>cii</span> <span class='ocrx_word' id='word_1_33' title='bbox 556 445 590 509; x_wconf 65' lang='grc' dir='ltr'>Θ</span> <span class='ocrx_word' id='word_1_34' title='bbox 606 449 697 520; x_wconf 79' lang='lat' dir='ltr'>puclrr</span> <span class='ocrx_word' id='word_1_35' title='bbox 707 451 838 520; x_wconf 78' lang='lat' dir='ltr'>irirprniur</span> <span class='ocrx_word' id='word_1_36' title='bbox 855 472 955 510; x_wconf 82' lang='lat' dir='ltr'>curne-</span> <span class='ocrx_word' id='word_1_37' title='bbox 985 469 1042 510; x_wconf 92' lang='lat' dir='ltr'>non</span> <span class='ocrx_word' id='word_1_38' title='bbox 1061 454 1197 510; x_wconf 86' lang='lat' dir='ltr'>modicum</span> <span class='ocrx_word' id='word_1_39' title='bbox 1206 492 1217 523; x_wconf 94' lang='lat'>,</span> <span class='ocrx_word' id='word_1_40' title='bbox 1233 451 1283 510; x_wconf 73' lang='lat' dir='ltr'>aab</span> <span class='ocrx_word' id='word_1_41' title='bbox 1300 451 1358 526; x_wconf 83' lang='lat' dir='ltr'>lege</span> <span class='ocrx_word' id='word_1_42' title='bbox 1375 453 1572 511; x_wconf 68' lang='lat' dir='ltr'>meliorationis</span> <span class='ocrx_word' id='word_1_43' title='bbox 1596 455 1624 511; x_wconf 79' lang='lat' dir='ltr'>dr</span> <span class='ocrx_word' id='word_1_44' title='bbox 1641 459 1793 522; x_wconf 80' lang='lat' dir='ltr'>prestatio-</span> 
     </span>
    </p>
   </div>
   <div class='ocr_carea' id='block_1_3' title="bbox 215 515 1883 596">
    <p class='ocr_par' dir='ltr' id='par_1_3' title="bbox 215 515 1883 596">
     <span class='ocr_line' id='line_1_5' title="bbox 215 515 1883 596; baseline 0.007 -24"><span class='ocrx_word' id='word_1_45' title='bbox 215 517 365 574; x_wconf 84' lang='lat' dir='ltr'>lirrair&#39;rriei</span> <span class='ocrx_word' id='word_1_46' title='bbox 383 515 549 586; x_wconf 72' lang='lat' dir='ltr'>riuplyrcuia</span> <span class='ocrx_word' id='word_1_47' title='bbox 567 535 677 587; x_wconf 77' lang='lat' dir='ltr'>reperere</span> <span class='ocrx_word' id='word_1_48' title='bbox 691 523 768 589; x_wconf 84' lang='lat' dir='ltr'>prisii</span> <span class='ocrx_word' id='word_1_49' title='bbox 778 517 803 578; x_wconf 68' lang='grc' dir='ltr'>ἔ.</span> <span class='ocrx_word' id='word_1_50' title='bbox 985 525 1027 578; x_wconf 84' lang='grc' dir='ltr'><strong>ιιὶε</strong></span> <span class='ocrx_word' id='word_1_51' title='bbox 1044 525 1128 581; x_wconf 85' lang='lat' dir='ltr'>annui</span> <span class='ocrx_word' id='word_1_52' title='bbox 1145 524 1272 580; x_wconf 85' lang='lat' dir='ltr'>canonis.</span> <span class='ocrx_word' id='word_1_53' title='bbox 1301 519 1399 593; x_wconf 76' lang='lat' dir='ltr'>Quali</span> <span class='ocrx_word' id='word_1_54' title='bbox 1415 527 1563 582; x_wconf 86' lang='lat' dir='ltr'>conventio</span> <span class='ocrx_word' id='word_1_55' title='bbox 1588 537 1680 580; x_wconf 88' lang='lat' dir='ltr'>nostra</span> <span class='ocrx_word' id='word_1_56' title='bbox 1697 524 1792 596; x_wconf 81' lang='lat' dir='ltr'>lingua</span> <span class='ocrx_word' id='word_1_57' title='bbox 1879 547 1883 554; x_wconf 89' lang='lat'>·</span> 
     </span>
    </p>
   </div>
   <div class='ocr_carea' id='block_1_4' title="bbox 120 581 1865 3878">
    <p class='ocr_par' dir='ltr' id='par_1_4' title="bbox 120 581 1865 3878">
     <span class='ocr_line' id='line_1_6' title="bbox 143 581 1791 667; baseline 0.004 -23"><span class='ocrx_word' id='word_1_58' title='bbox 143 581 189 644; x_wconf 63' lang='lat'>53.</span> <span class='ocrx_word' id='word_1_59' title='bbox 208 588 299 645; x_wconf 76' lang='lat' dir='ltr'>Pollia</span> <span class='ocrx_word' id='word_1_60' title='bbox 307 584 448 658; x_wconf 81' lang='lat' dir='ltr'>facultate</span> <span class='ocrx_word' id='word_1_61' title='bbox 465 589 594 656; x_wconf 81' lang='lat' dir='ltr'>reprtrudi</span> <span class='ocrx_word' id='word_1_62' title='bbox 611 591 811 662; x_wconf 74' lang='lat' dir='ltr'>meliorationes,</span> <span class='ocrx_word' id='word_1_63' title='bbox 829 590 954 665; x_wconf 76' lang='lat' dir='ltr'>quidju·</span> <span class='ocrx_word' id='word_1_64' title='bbox 987 590 1112 667; x_wconf 60' lang='lat' dir='ltr'>apparui</span> <span class='ocrx_word' id='word_1_65' title='bbox 1129 595 1248 664; x_wconf 84' lang='lat' dir='ltr'>dicitur,</span> <span class='ocrx_word' id='word_1_66' title='bbox 1266 593 1327 650; x_wconf 85' lang='lat' dir='ltr'>litet</span> <span class='ocrx_word' id='word_1_67' title='bbox 1345 593 1491 662; x_wconf 87' lang='lat' dir='ltr'>aliquando</span> <span class='ocrx_word' id='word_1_68' title='bbox 1507 599 1535 650; x_wconf 94' lang='lat' dir='ltr'>in</span> <span class='ocrx_word' id='word_1_69' title='bbox 1553 595 1672 662; x_wconf 80' lang='lat' dir='ltr'>antiquis</span> <span class='ocrx_word' id='word_1_70' title='bbox 1689 595 1791 651; x_wconf 89' lang='lat' dir='ltr'>instru-</span> 
     </span>
     <span class='ocr_line' id='line_1_7' title="bbox 142 657 1791 734; baseline 0.004 -20"><span class='ocrx_word' id='word_1_71' title='bbox 142 683 148 690; x_wconf 91' lang='lat'>·</span> <span class='ocrx_word' id='word_1_72' title='bbox 215 659 253 715; x_wconf 82' lang='lat' dir='ltr'>rii</span> <span class='ocrx_word' id='word_1_73' title='bbox 270 659 314 726; x_wconf 84' lang='lat' dir='ltr'>iit,</span> <span class='ocrx_word' id='word_1_74' title='bbox 331 661 354 714; x_wconf 84' lang='lat' dir='ltr'>si</span> <span class='ocrx_word' id='word_1_75' title='bbox 371 657 543 726; x_wconf 74' lang='lat' dir='ltr'>iriprriavri</span> <span class='ocrx_word' id='word_1_76' title='bbox 558 657 647 729; x_wconf 85' lang='lat' dir='ltr'>rrrujur</span> <span class='ocrx_word' id='word_1_77' title='bbox 665 665 710 732; x_wconf 83' lang='lat' dir='ltr'>iii,</span> <span class='ocrx_word' id='word_1_78' title='bbox 727 661 954 734; x_wconf 80' lang='lat' dir='ltr'>crlrrriiiurquarir</span> <span class='ocrx_word' id='word_1_79' title='bbox 984 670 1082 722; x_wconf 69' lang='lat' dir='ltr'>uentis</span> <span class='ocrx_word' id='word_1_80' title='bbox 1108 665 1209 722; x_wconf 88' lang='lat' dir='ltr'>reditus</span> <span class='ocrx_word' id='word_1_81' title='bbox 1236 662 1423 721; x_wconf 87' lang='lat' dir='ltr'>irredimibiles</span> <span class='ocrx_word' id='word_1_82' title='bbox 1457 662 1584 732; x_wconf 87' lang='lat' dir='ltr'>appellati</span> <span class='ocrx_word' id='word_1_83' title='bbox 1615 666 1791 722; x_wconf 72' lang='lat' dir='ltr'>inveniantur</span> 
     </span>
     <span class='ocr_line' id='line_1_8' title="bbox 215 725 1789 808; baseline 0.006 -26"><span class='ocrx_word' id='word_1_84' title='bbox 215 743 254 782; x_wconf 86' lang='lat' dir='ltr'>ert</span> <span class='ocrx_word' id='word_1_85' title='bbox 271 731 330 794; x_wconf 81' lang='lat' dir='ltr'>ipsa</span> <span class='ocrx_word' id='word_1_86' title='bbox 348 725 525 784; x_wconf 74' lang='lat' dir='ltr'>inclini-citici.</span> <span class='ocrx_word' id='word_1_87' title='bbox 984 733 1098 790; x_wconf 74' lang='lat' dir='ltr'>l&#39;ricbturr</span> <span class='ocrx_word' id='word_1_88' title='bbox 1115 738 1141 792; x_wconf 78' lang='lat' dir='ltr'>dr</span> <span class='ocrx_word' id='word_1_89' title='bbox 1162 732 1341 808; x_wconf 60' lang='lat' dir='ltr'>Efpaclirr,</span> <span class='ocrx_word' id='word_1_90' title='bbox 1359 747 1389 790; x_wconf 87' lang='lat' dir='ltr'>ut</span> <span class='ocrx_word' id='word_1_91' title='bbox 1408 747 1518 790; x_wconf 86' lang='lat' dir='ltr'>notatur</span> <span class='ocrx_word' id='word_1_92' title='bbox 1545 735 1575 788; x_wconf 91' lang='lat' dir='ltr'>in</span> <span class='ocrx_word' id='word_1_93' title='bbox 1593 733 1713 802; x_wconf 81' lang='lat' dir='ltr'>llerporir.</span> <span class='ocrx_word' id='word_1_94' title='bbox 1740 735 1789 791; x_wconf 86' lang='lat' dir='ltr'>lu-</span> 
     </span>
     <span class='ocr_line' id='line_1_9' title="bbox 144 795 1786 874; baseline 0.002 -18"><span class='ocrx_word' id='word_1_95' title='bbox 144 795 190 868; x_wconf 63' lang='grc'>54.</span> <span class='ocrx_word' id='word_1_96' title='bbox 209 797 252 855; x_wconf 86' lang='lat' dir='ltr'>De</span> <span class='ocrx_word' id='word_1_97' title='bbox 270 799 364 868; x_wconf 73' lang='lat' dir='ltr'>Camil,</span> <span class='ocrx_word' id='word_1_98' title='bbox 381 795 414 860; x_wconf 56' lang='lat' dir='ltr'>ol</span> <span class='ocrx_word' id='word_1_99' title='bbox 431 795 561 854; x_wconf 80' lang='lat' dir='ltr'>libellario</span> <span class='ocrx_word' id='word_1_100' title='bbox 577 799 736 864; x_wconf 74' lang='lat' dir='ltr'>contraditis</span> <span class='ocrx_word' id='word_1_101' title='bbox 753 802 898 858; x_wconf 81' lang='lat' dir='ltr'>rcririrrr&#39;oc.</span> <span class='ocrx_word' id='word_1_102' title='bbox 982 803 1179 862; x_wconf 67' lang='lat' dir='ltr'>ristirllarrl.</span> <span class='ocrx_word' id='word_1_103' title='bbox 1195 821 1264 874; x_wconf 84' lang='lat' dir='ltr'>part.</span> <span class='ocrx_word' id='word_1_104' title='bbox 1274 799 1302 858; x_wconf 80' lang='lat'>3.</span> <span class='ocrx_word' id='word_1_105' title='bbox 1312 803 1361 860; x_wconf 86' lang='lat' dir='ltr'>vol.</span> <span class='ocrx_word' id='word_1_106' title='bbox 1371 799 1567 860; x_wconf 78' lang='lat' dir='ltr'>a.cortril.331.</span> <span class='ocrx_word' id='word_1_107' title='bbox 1578 799 1588 873; x_wconf 88' lang='grc'>(</span> <span class='ocrx_word' id='word_1_108' title='bbox 1598 800 1709 872; x_wconf 78' lang='lat' dir='ltr'>reuera)</span> <span class='ocrx_word' id='word_1_109' title='bbox 1723 800 1786 860; x_wconf 74' lang='lat'>231.</span> 
     </span>
     <span class='ocr_line' id='line_1_10' title="bbox 980 869 1788 948; baseline 0 -20"><span class='ocrx_word' id='word_1_110' title='bbox 980 891 1038 948; x_wconf 81' lang='lat' dir='ltr'>pag.</span> <span class='ocrx_word' id='word_1_111' title='bbox 1056 873 1118 933; x_wconf 78' lang='lat'>662.</span> <span class='ocrx_word' id='word_1_112' title='bbox 1135 871 1219 948; x_wconf 83' lang='lat' dir='ltr'>Quod</span> <span class='ocrx_word' id='word_1_113' title='bbox 1235 885 1328 931; x_wconf 87' lang='lat' dir='ltr'>autem</span> <span class='ocrx_word' id='word_1_114' title='bbox 1343 869 1524 946; x_wconf 81' lang='lat' dir='ltr'>emphyteusis</span> <span class='ocrx_word' id='word_1_115' title='bbox 1540 875 1576 928; x_wconf 87' lang='lat' dir='ltr'>sit</span> <span class='ocrx_word' id='word_1_116' title='bbox 1603 872 1678 932; x_wconf 79' lang='lat' dir='ltr'>bone</span> <span class='ocrx_word' id='word_1_117' title='bbox 1705 871 1788 945; x_wconf 84' lang='lat' dir='ltr'>idei,</span> 
     </span>
     <span class='ocr_line' id='line_1_11' title="bbox 146 934 1787 1016; baseline 0.004 -21"><span class='ocrx_word' id='word_1_118' title='bbox 146 955 171 995; x_wconf 91' lang='grc' dir='ltr'><strong>ι.</strong></span> <span class='ocrx_word' id='word_1_119' title='bbox 231 935 299 996; x_wconf 81' lang='lat' dir='ltr'>ctio</span> <span class='ocrx_word' id='word_1_120' title='bbox 317 934 346 994; x_wconf 92' lang='lat' dir='ltr'>ln</span> <span class='ocrx_word' id='word_1_121' title='bbox 363 953 420 994; x_wconf 89' lang='lat' dir='ltr'>rein</span> <span class='ocrx_word' id='word_1_122' title='bbox 435 937 528 1008; x_wconf 84' lang='lat' dir='ltr'>utilis,</span> <span class='ocrx_word' id='word_1_123' title='bbox 554 953 599 994; x_wconf 89' lang='lat' dir='ltr'>scu</span> <span class='ocrx_word' id='word_1_124' title='bbox 626 936 701 994; x_wconf 89' lang='lat' dir='ltr'>utilis</span> <span class='ocrx_word' id='word_1_125' title='bbox 718 944 759 996; x_wconf 90' lang='lat' dir='ltr'>rel</span> <span class='ocrx_word' id='word_1_126' title='bbox 783 940 951 1013; x_wconf 77' lang='lat' dir='ltr'>vindicatio,</span> <span class='ocrx_word' id='word_1_127' title='bbox 982 943 1045 1015; x_wconf 84' lang='lat' dir='ltr'>juris</span> <span class='ocrx_word' id='word_1_128' title='bbox 1060 946 1201 1016; x_wconf 80' lang='lat' dir='ltr'>gentium,</span> <span class='ocrx_word' id='word_1_129' title='bbox 1218 959 1349 1002; x_wconf 85' lang='lat' dir='ltr'>consensu</span> <span class='ocrx_word' id='word_1_130' title='bbox 1366 957 1506 1014; x_wconf 88' lang='lat' dir='ltr'>constans,</span> <span class='ocrx_word' id='word_1_131' title='bbox 1524 943 1553 1000; x_wconf 90' lang='lat' dir='ltr'>id</span> <span class='ocrx_word' id='word_1_132' title='bbox 1571 942 1613 1000; x_wconf 87' lang='lat' dir='ltr'>vel</span> <span class='ocrx_word' id='word_1_133' title='bbox 1630 941 1696 1002; x_wconf 86' lang='lat' dir='ltr'>inde</span> <span class='ocrx_word' id='word_1_134' title='bbox 1713 951 1787 1001; x_wconf 83' lang='lat' dir='ltr'>recte</span> 
     </span>
     <span class='ocr_line' id='line_1_12' title="bbox 248 1005 1787 1086; baseline 0.004 -23"><span class='ocrx_word' id='word_1_135' title='bbox 248 1013 330 1063; x_wconf 86' lang='lat' dir='ltr'>etiam</span> <span class='ocrx_word' id='word_1_136' title='bbox 346 1007 426 1064; x_wconf 87' lang='lat' dir='ltr'>datur</span> <span class='ocrx_word' id='word_1_137' title='bbox 442 1005 522 1075; x_wconf 89' lang='lat' dir='ltr'>emph</span> <span class='ocrx_word' id='word_1_138' title='bbox 542 1009 714 1064; x_wconf 89' lang='lat' dir='ltr'>teoticarium</span> <span class='ocrx_word' id='word_1_139' title='bbox 731 1021 778 1066; x_wconf 81' lang='lat' dir='ltr'>tut</span> <span class='ocrx_word' id='word_1_140' title='bbox 795 1007 951 1080; x_wconf 72' lang='lat' dir='ltr'>vebligalem</span> <span class='ocrx_word' id='word_1_141' title='bbox 980 1013 1138 1086; x_wconf 81' lang='lat' dir='ltr'>collegeris,</span> <span class='ocrx_word' id='word_1_142' title='bbox 1156 1015 1227 1083; x_wconf 88' lang='lat' dir='ltr'>quud</span> <span class='ocrx_word' id='word_1_143' title='bbox 1246 1027 1347 1070; x_wconf 88' lang='lat' dir='ltr'>veteres</span> <span class='ocrx_word' id='word_1_144' title='bbox 1364 1028 1461 1070; x_wconf 86' lang='lat' dir='ltr'>omnes</span> <span class='ocrx_word' id='word_1_145' title='bbox 1474 1011 1679 1084; x_wconf 79' lang='lat' dir='ltr'>emphyteusin,</span> <span class='ocrx_word' id='word_1_146' title='bbox 1699 1011 1787 1070; x_wconf 79' lang='lat' dir='ltr'>velari</span> 
     </span>
     <span class='ocr_line' id='line_1_13' title="bbox 142 1073 1785 1161; baseline 0.007 -31"><span class='ocrx_word' id='word_1_147' title='bbox 142 1093 238 1160; x_wconf 78' lang='lat' dir='ltr'>agrum</span> <span class='ocrx_word' id='word_1_148' title='bbox 257 1074 437 1147; x_wconf 84' lang='lat' dir='ltr'>habentibus,</span> <span class='ocrx_word' id='word_1_149' title='bbox 462 1089 507 1160; x_wconf 80' lang='lat' dir='ltr'>ut¹</span> <span class='ocrx_word' id='word_1_150' title='bbox 531 1073 612 1134; x_wconf 78' lang='lat' dir='ltr'>&#39;llum</span> <span class='ocrx_word' id='word_1_151' title='bbox 629 1083 672 1134; x_wconf 85' lang='lat' dir='ltr'>rii.</span> <span class='ocrx_word' id='word_1_152' title='bbox 696 1080 801 1161; x_wconf 72' lang='lat' dir='ltr'>primo,</span> <span class='ocrx_word' id='word_1_153' title='bbox 826 1081 951 1140; x_wconf 87' lang='lat' dir='ltr'>adversus</span> <span class='ocrx_word' id='word_1_154' title='bbox 979 1089 1126 1140; x_wconf 83' lang='lat' dir='ltr'>emtionem</span> <span class='ocrx_word' id='word_1_155' title='bbox 1144 1084 1185 1140; x_wconf 87' lang='lat' dir='ltr'>vel</span> <span class='ocrx_word' id='word_1_156' title='bbox 1201 1085 1236 1142; x_wconf 87' lang='lat' dir='ltr'>ad</span> <span class='ocrx_word' id='word_1_157' title='bbox 1254 1084 1414 1139; x_wconf 76' lang='lat' dir='ltr'>locationem</span> <span class='ocrx_word' id='word_1_158' title='bbox 1432 1082 1604 1154; x_wconf 73' lang='lat' dir='ltr'>reduxerint,</span> <span class='ocrx_word' id='word_1_159' title='bbox 1621 1099 1735 1152; x_wconf 80' lang='lat' dir='ltr'>carnique</span> <span class='ocrx_word' id='word_1_160' title='bbox 1751 1099 1785 1142; x_wconf 87' lang='lat' dir='ltr'>ca</span> 
     </span>
     <span class='ocr_line' id='line_1_14' title="bbox 142 1148 1785 1220; baseline -0.004 -6"><span class='ocrx_word' id='word_1_161' title='bbox 142 1163 253 1220; x_wconf 69' lang='lat' dir='ltr'>9²10SV¹⁸</span> <span class='ocrx_word' id='word_1_162' title='bbox 270 1164 445 1218; x_wconf 58' lang='lat' dir='ltr'>imme-⁹,</span> <span class='ocrx_word' id='word_1_163' title='bbox 472 1160 554 1204; x_wconf 64' lang='lat' dir='ltr'>essim</span> <span class='ocrx_word' id='word_1_164' title='bbox 572 1152 641 1216; x_wconf 61' lang='lat' dir='ltr'>iiim</span> <span class='ocrx_word' id='word_1_165' title='bbox 658 1153 804 1216; x_wconf 65' lang='lat' dir='ltr'>municipes</span> <span class='ocrx_word' id='word_1_166' title='bbox 830 1148 950 1220; x_wconf 86' lang='lat' dir='ltr'>aliosque</span> <span class='ocrx_word' id='word_1_167' title='bbox 980 1166 1039 1212; x_wconf 90' lang='lat' dir='ltr'>tom</span> <span class='ocrx_word' id='word_1_168' title='bbox 1054 1155 1089 1212; x_wconf 88' lang='lat' dir='ltr'>de</span> <span class='ocrx_word' id='word_1_169' title='bbox 1105 1158 1223 1211; x_wconf 79' lang='lat' dir='ltr'>emtione</span> <span class='ocrx_word' id='word_1_170' title='bbox 1241 1166 1298 1210; x_wconf 88' lang='lat' dir='ltr'>tum</span> <span class='ocrx_word' id='word_1_171' title='bbox 1314 1153 1349 1210; x_wconf 88' lang='lat' dir='ltr'>de</span> <span class='ocrx_word' id='word_1_172' title='bbox 1368 1152 1501 1210; x_wconf 87' lang='lat' dir='ltr'>locatione</span> <span class='ocrx_word' id='word_1_173' title='bbox 1522 1164 1600 1210; x_wconf 84' lang='lat' dir='ltr'>exim</span> <span class='ocrx_word' id='word_1_174' title='bbox 1626 1166 1785 1210; x_wconf 86' lang='lat' dir='ltr'>controver-</span> 
     </span>
     <span class='ocr_line' id='line_1_15' title="bbox 141 1211 1784 1294; baseline 0.005 -24"><span class='ocrx_word' id='word_1_175' title='bbox 141 1211 241 1276; x_wconf 79' lang='lat' dir='ltr'>similes</span> <span class='ocrx_word' id='word_1_176' title='bbox 258 1217 288 1270; x_wconf 91' lang='lat' dir='ltr'>in</span> <span class='ocrx_word' id='word_1_177' title='bbox 306 1215 498 1289; x_wconf 80' lang='lat' dir='ltr'>emphyteosin</span> <span class='ocrx_word' id='word_1_178' title='bbox 527 1218 640 1289; x_wconf 80' lang='lat' dir='ltr'>dantes,</span> <span class='ocrx_word' id='word_1_179' title='bbox 670 1222 694 1274; x_wconf 92' lang='lat' dir='ltr'>si</span> <span class='ocrx_word' id='word_1_180' title='bbox 721 1217 818 1276; x_wconf 88' lang='lat' dir='ltr'>nedum</span> <span class='ocrx_word' id='word_1_181' title='bbox 846 1233 948 1289; x_wconf 89' lang='lat' dir='ltr'>tempos</span> <span class='ocrx_word' id='word_1_182' title='bbox 978 1231 1045 1280; x_wconf 87' lang='lat' dir='ltr'>siam</span> <span class='ocrx_word' id='word_1_183' title='bbox 1062 1228 1253 1291; x_wconf 86' lang='lat' dir='ltr'>posita&#39;essent</span> <span class='ocrx_word' id='word_1_184' title='bbox 1268 1263 1277 1294; x_wconf 94' lang='lat'>,</span> <span class='ocrx_word' id='word_1_185' title='bbox 1295 1221 1363 1279; x_wconf 87' lang='lat' dir='ltr'>nolli</span> <span class='ocrx_word' id='word_1_186' title='bbox 1380 1224 1465 1278; x_wconf 83' lang='lat' dir='ltr'>eiiam</span> <span class='ocrx_word' id='word_1_187' title='bbox 1481 1220 1595 1280; x_wconf 90' lang='lat' dir='ltr'>dubium</span> <span class='ocrx_word' id='word_1_188' title='bbox 1611 1241 1667 1280; x_wconf 89' lang='lat' dir='ltr'>esse</span> <span class='ocrx_word' id='word_1_189' title='bbox 1684 1226 1784 1294; x_wconf 85' lang='lat' dir='ltr'>potuit,</span> 
     </span>
     <span class='ocr_line' id='line_1_16' title="bbox 120 1283 1784 1368; baseline 0.003 -24"><span class='ocrx_word' id='word_1_190' title='bbox 120 1288 323 1358; x_wconf 73' lang='lat' dir='ltr'>‚constitutum</span> <span class='ocrx_word' id='word_1_191' title='bbox 340 1285 459 1357; x_wconf 72' lang='lat' dir='ltr'>elapsum</span> <span class='ocrx_word' id='word_1_192' title='bbox 477 1283 576 1359; x_wconf 83' lang='lat' dir='ltr'>fuerit,</span> <span class='ocrx_word' id='word_1_193' title='bbox 603 1291 630 1348; x_wconf 74' lang='lat' dir='ltr'>dr</span> <span class='ocrx_word' id='word_1_194' title='bbox 650 1283 763 1359; x_wconf 72' lang='lat' dir='ltr'>veiligal</span> <span class='ocrx_word' id='word_1_195' title='bbox 787 1309 833 1347; x_wconf 85' lang='lat' dir='ltr'>seo</span> <span class='ocrx_word' id='word_1_196' title='bbox 859 1309 949 1350; x_wconf 87' lang='lat' dir='ltr'>canon</span> <span class='ocrx_word' id='word_1_197' title='bbox 977 1297 1043 1368; x_wconf 91' lang='lat' dir='ltr'>qoin</span> <span class='ocrx_word' id='word_1_198' title='bbox 1061 1289 1184 1365; x_wconf 63' lang='lat' dir='ltr'>illoque</span> <span class='ocrx_word' id='word_1_199' title='bbox 1200 1293 1314 1349; x_wconf 92' lang='lat' dir='ltr'>emtioni</span> <span class='ocrx_word' id='word_1_200' title='bbox 1331 1291 1515 1360; x_wconf 86' lang='lat' dir='ltr'>locationiqoe</span> <span class='ocrx_word' id='word_1_201' title='bbox 1531 1298 1784 1362; x_wconf 67' lang='lat' dir='ltr'>commonuerunt,</span> 
     </span>
     <span class='ocr_line' id='line_1_17' title="bbox 140 1353 1784 1434; baseline 0.004 -21"><span class='ocrx_word' id='word_1_202' title='bbox 140 1354 280 1428; x_wconf 87' lang='lat' dir='ltr'>solvatur,</span> <span class='ocrx_word' id='word_1_203' title='bbox 298 1355 318 1411; x_wconf 89' lang='lat' dir='ltr'>l.</span> <span class='ocrx_word' id='word_1_204' title='bbox 340 1375 364 1413; x_wconf 88' lang='lat' dir='ltr'>i.</span> <span class='ocrx_word' id='word_1_205' title='bbox 382 1373 407 1416; x_wconf 84' lang='lat' dir='ltr'>a.</span> <span class='ocrx_word' id='word_1_206' title='bbox 426 1353 451 1412; x_wconf 81' lang='lat'>3.</span> <span class='ocrx_word' id='word_1_207' title='bbox 462 1353 502 1429; x_wconf 79' lang='lat' dir='ltr'>ff.</span> <span class='ocrx_word' id='word_1_208' title='bbox 520 1356 547 1413; x_wconf 89' lang='lat' dir='ltr'>l.</span> <span class='ocrx_word' id='word_1_209' title='bbox 564 1375 584 1414; x_wconf 90' lang='lat' dir='ltr'>i.</span> <span class='ocrx_word' id='word_1_210' title='bbox 605 1355 643 1415; x_wconf 93' lang='lat' dir='ltr'>Ut</span> <span class='ocrx_word' id='word_1_211' title='bbox 661 1369 753 1415; x_wconf 90' lang='lat' dir='ltr'>tamen</span> <span class='ocrx_word' id='word_1_212' title='bbox 770 1359 822 1429; x_wconf 88' lang='lat' dir='ltr'>ipsi</span> <span class='ocrx_word' id='word_1_213' title='bbox 843 1361 948 1418; x_wconf 91' lang='lat' dir='ltr'>inem·</span> <span class='ocrx_word' id='word_1_214' title='bbox 977 1366 1193 1434; x_wconf 88' lang='lat' dir='ltr'>optimoqooque</span> <span class='ocrx_word' id='word_1_215' title='bbox 1211 1359 1268 1429; x_wconf 82' lang='lat' dir='ltr'>jore</span> <span class='ocrx_word' id='word_1_216' title='bbox 1284 1362 1320 1419; x_wconf 87' lang='lat' dir='ltr'>ad</span> <span class='ocrx_word' id='word_1_217' title='bbox 1337 1359 1523 1434; x_wconf 87' lang='lat' dir='ltr'>emphyteusin</span> <span class='ocrx_word' id='word_1_218' title='bbox 1543 1360 1643 1418; x_wconf 87' lang='lat' dir='ltr'>suerint</span> <span class='ocrx_word' id='word_1_219' title='bbox 1665 1360 1784 1420; x_wconf 82' lang='lat' dir='ltr'>transsc-</span> 
     </span>
     <span class='ocr_line' id='line_1_18' title="bbox 142 1425 1786 1503; baseline 0.003 -21"><span class='ocrx_word' id='word_1_220' title='bbox 142 1425 288 1498; x_wconf 89' lang='lat' dir='ltr'>phyteusin</span> <span class='ocrx_word' id='word_1_221' title='bbox 315 1427 492 1484; x_wconf 85' lang='lat' dir='ltr'>concedentes</span> <span class='ocrx_word' id='word_1_222' title='bbox 517 1425 649 1485; x_wconf 72' lang='lat' dir='ltr'>dii-edium</span> <span class='ocrx_word' id='word_1_223' title='bbox 675 1429 778 1496; x_wconf 81' lang='lat' dir='ltr'>possint</span> <span class='ocrx_word' id='word_1_224' title='bbox 810 1431 948 1489; x_wconf 87' lang='lat' dir='ltr'>vindicare</span> <span class='ocrx_word' id='word_1_225' title='bbox 979 1435 1077 1490; x_wconf 79' lang='lat' dir='ltr'>renda-</span> <span class='ocrx_word' id='word_1_226' title='bbox 1098 1431 1249 1490; x_wconf 79' lang='lat' dir='ltr'>iirrooeum</span> <span class='ocrx_word' id='word_1_227' title='bbox 1268 1432 1379 1502; x_wconf 82' lang='lat' dir='ltr'>proinde</span> <span class='ocrx_word' id='word_1_228' title='bbox 1395 1445 1455 1503; x_wconf 97' lang='grc' dir='ltr'><strong>εει,</strong></span> <span class='ocrx_word' id='word_1_229' title='bbox 1479 1429 1625 1488; x_wconf 86' lang='lat' dir='ltr'>aZeoone</span> <span class='ocrx_word' id='word_1_230' title='bbox 1643 1430 1708 1500; x_wconf 86' lang='lat' dir='ltr'>Imp.</span> <span class='ocrx_word' id='word_1_231' title='bbox 1726 1435 1786 1500; x_wconf 85' lang='lat' dir='ltr'>prl-</span> 
     </span>
     <span class='ocr_line' id='line_1_19' title="bbox 140 1494 1784 1570; baseline 0.001 -14"><span class='ocrx_word' id='word_1_232' title='bbox 140 1498 307 1562; x_wconf 88' lang='lat' dir='ltr'>dominium‚</span> <span class='ocrx_word' id='word_1_233' title='bbox 324 1497 362 1554; x_wconf 90' lang='lat' dir='ltr'>sic</span> <span class='ocrx_word' id='word_1_234' title='bbox 380 1509 410 1554; x_wconf 90' lang='lat' dir='ltr'>ot</span> <span class='ocrx_word' id='word_1_235' title='bbox 427 1494 522 1556; x_wconf 74' lang='lat' dir='ltr'>direili</span> <span class='ocrx_word' id='word_1_236' title='bbox 539 1497 646 1570; x_wconf 84' lang='lat' dir='ltr'>quidem</span> <span class='ocrx_word' id='word_1_237' title='bbox 668 1497 775 1556; x_wconf 88' lang='lat' dir='ltr'>domini</span> <span class='ocrx_word' id='word_1_238' title='bbox 802 1503 831 1554; x_wconf 90' lang='lat' dir='ltr'>in</span> <span class='ocrx_word' id='word_1_239' title='bbox 856 1502 947 1558; x_wconf 86' lang='lat' dir='ltr'>viridi-</span> <span class='ocrx_word' id='word_1_240' title='bbox 978 1505 1059 1559; x_wconf 88' lang='lat' dir='ltr'>rnitus</span> <span class='ocrx_word' id='word_1_241' title='bbox 1078 1501 1151 1561; x_wconf 90' lang='lat' dir='ltr'>hunc</span> <span class='ocrx_word' id='word_1_242' title='bbox 1168 1511 1339 1559; x_wconf 86' lang='lat' dir='ltr'>contractum</span> <span class='ocrx_word' id='word_1_243' title='bbox 1354 1503 1534 1560; x_wconf 85' lang='lat' dir='ltr'>adinventum</span> <span class='ocrx_word' id='word_1_244' title='bbox 1551 1495 1653 1569; x_wconf 66' lang='lat' dir='ltr'>lunser</span> <span class='ocrx_word' id='word_1_245' title='bbox 1675 1518 1736 1558; x_wconf 87' lang='lat' dir='ltr'>com</span> <span class='ocrx_word' id='word_1_246' title='bbox 1752 1508 1784 1562; x_wconf 85' lang='lat' dir='ltr'>lie</span> 
     </span>
     <span class='ocr_line' id='line_1_20' title="bbox 140 1563 1782 1645; baseline 0.003 -22"><span class='ocrx_word' id='word_1_247' title='bbox 140 1567 228 1625; x_wconf 84' lang='lat' dir='ltr'>cando</span> <span class='ocrx_word' id='word_1_248' title='bbox 242 1565 368 1623; x_wconf 83' lang='lat' dir='ltr'>dominio</span> <span class='ocrx_word' id='word_1_249' title='bbox 395 1563 498 1624; x_wconf 74' lang='lat' dir='ltr'>diredlo</span> <span class='ocrx_word' id='word_1_250' title='bbox 525 1571 642 1636; x_wconf 85' lang='lat' dir='ltr'>potiores</span> <span class='ocrx_word' id='word_1_251' title='bbox 666 1565 847 1639; x_wconf 81' lang='lat' dir='ltr'>emphyteutis</span> <span class='ocrx_word' id='word_1_252' title='bbox 872 1577 947 1642; x_wconf 90' lang='lat' dir='ltr'>sint,</span> <span class='ocrx_word' id='word_1_253' title='bbox 975 1585 1041 1630; x_wconf 87' lang='lat' dir='ltr'>ante</span> <span class='ocrx_word' id='word_1_254' title='bbox 1058 1569 1177 1629; x_wconf 77' lang='lat' dir='ltr'>Zenoms</span> <span class='ocrx_word' id='word_1_255' title='bbox 1195 1581 1314 1642; x_wconf 86' lang='lat' dir='ltr'>tempora</span> <span class='ocrx_word' id='word_1_256' title='bbox 1339 1571 1415 1626; x_wconf 86' lang='lat' dir='ltr'>soliti</span> <span class='ocrx_word' id='word_1_257' title='bbox 1443 1568 1542 1627; x_wconf 78' lang='lat' dir='ltr'>suerint</span> <span class='ocrx_word' id='word_1_258' title='bbox 1567 1571 1673 1630; x_wconf 86' lang='lat' dir='ltr'>domini</span> <span class='ocrx_word' id='word_1_259' title='bbox 1702 1589 1782 1645; x_wconf 85' lang='lat' dir='ltr'>agros</span> 
     </span>
     <span class='ocr_line' id='line_1_21' title="bbox 141 1633 1780 1712; baseline 0.004 -18"><span class='ocrx_word' id='word_1_260' title='bbox 141 1633 319 1707; x_wconf 76' lang='lat' dir='ltr'>eniphyteute</span> <span class='ocrx_word' id='word_1_261' title='bbox 338 1654 401 1694; x_wconf 89' lang='lat' dir='ltr'>vero</span> <span class='ocrx_word' id='word_1_262' title='bbox 420 1635 530 1694; x_wconf 88' lang='lat' dir='ltr'>inutili</span> <span class='ocrx_word' id='word_1_263' title='bbox 549 1643 663 1707; x_wconf 85' lang='lat' dir='ltr'>potiores</span> <span class='ocrx_word' id='word_1_264' title='bbox 687 1641 801 1696; x_wconf 89' lang='lat' dir='ltr'>domino</span> <span class='ocrx_word' id='word_1_265' title='bbox 827 1637 946 1710; x_wconf 69' lang='lat' dir='ltr'>direbio,</span> <span class='ocrx_word' id='word_1_266' title='bbox 975 1659 1045 1712; x_wconf 88' lang='lat' dir='ltr'>suos,</span> <span class='ocrx_word' id='word_1_267' title='bbox 1062 1639 1208 1712; x_wconf 86' lang='lat' dir='ltr'>squallidus</span> <span class='ocrx_word' id='word_1_268' title='bbox 1224 1641 1370 1710; x_wconf 73' lang='lat' dir='ltr'>presertim</span> <span class='ocrx_word' id='word_1_269' title='bbox 1385 1643 1414 1708; x_wconf 75' lang='lat' dir='ltr'>pe</span> <span class='ocrx_word' id='word_1_270' title='bbox 1432 1639 1548 1698; x_wconf 89' lang='lat' dir='ltr'>incultos</span> <span class='ocrx_word' id='word_1_271' title='bbox 1565 1655 1613 1698; x_wconf 87' lang='lat' dir='ltr'>aot</span> <span class='ocrx_word' id='word_1_272' title='bbox 1632 1641 1678 1699; x_wconf 91' lang='lat' dir='ltr'>lon</span> <span class='ocrx_word' id='word_1_273' title='bbox 1699 1643 1780 1700; x_wconf 84' lang='lat' dir='ltr'>edis·</span> 
     </span>
     <span class='ocr_line' id='line_1_22' title="bbox 142 1657 1782 1790; baseline 0.004 -28"><span class='ocrx_word' id='word_1_274' title='bbox 142 1723 174 1762; x_wconf 91' lang='lat' dir='ltr'>ac</span> <span class='ocrx_word' id='word_1_275' title='bbox 191 1705 369 1790; x_wconf 81' lang='lat' dir='ltr'>emphyteuta</span> <span class='ocrx_word' id='word_1_276' title='bbox 388 1705 455 1763; x_wconf 88' lang='lat' dir='ltr'>utile</span> <span class='ocrx_word' id='word_1_277' title='bbox 471 1708 622 1766; x_wconf 90' lang='lat' dir='ltr'>dominium</span> <span class='ocrx_word' id='word_1_278' title='bbox 638 1709 722 1764; x_wconf 85' lang='lat' dir='ltr'>etiam</span> <span class='ocrx_word' id='word_1_279' title='bbox 738 1725 756 1763; x_wconf 85' lang='lat' dir='ltr'>a</span> <span class='ocrx_word' id='word_1_280' title='bbox 771 1709 890 1766; x_wconf 88' lang='lat' dir='ltr'>dominis</span> <span class='ocrx_word' id='word_1_281' title='bbox 906 1712 945 1768; x_wconf 89' lang='lat' dir='ltr'>di·</span> <span class='ocrx_word' id='word_1_282' title='bbox 975 1715 1061 1782; x_wconf 88' lang='lat' dir='ltr'>sitos,</span> <span class='ocrx_word' id='word_1_283' title='bbox 1088 1713 1118 1767; x_wconf 91' lang='lat' dir='ltr'>in</span> <span class='ocrx_word' id='word_1_284' title='bbox 1129 1710 1134 1722; x_wconf 88' lang='lat'><strong><em>‘</em></strong></span> <span class='ocrx_word' id='word_1_285' title='bbox 1145 1708 1331 1786; x_wconf 84' lang='lat' dir='ltr'>emphyteusin</span> <span class='ocrx_word' id='word_1_286' title='bbox 1349 1710 1510 1768; x_wconf 86' lang='lat' dir='ltr'>concedere.</span> <span class='ocrx_word' id='word_1_287' title='bbox 1537 1708 1634 1782; x_wconf 82' lang='lat' dir='ltr'>Neque</span> <span class='ocrx_word' id='word_1_288' title='bbox 1661 1657 1736 1768; x_wconf 79' lang='lat' dir='ltr'>iius</span> <span class='ocrx_word' id='word_1_289' title='bbox 1761 1727 1782 1770; x_wconf 88' lang='lat' dir='ltr'>a</span> 
     </span>
     <span class='ocr_line' id='line_1_23' title="bbox 143 1772 1780 1850; baseline 0.002 -18"><span class='ocrx_word' id='word_1_290' title='bbox 143 1772 221 1833; x_wconf 72' lang='lat' dir='ltr'>retiis</span> <span class='ocrx_word' id='word_1_291' title='bbox 238 1793 295 1846; x_wconf 75' lang='lat' dir='ltr'>iore</span> <span class='ocrx_word' id='word_1_292' title='bbox 312 1775 365 1832; x_wconf 88' lang='lat' dir='ltr'>sibi</span> <span class='ocrx_word' id='word_1_293' title='bbox 383 1775 540 1846; x_wconf 70' lang='lat' dir='ltr'>vindicent,</span> <span class='ocrx_word' id='word_1_294' title='bbox 564 1779 660 1836; x_wconf 81' lang='lat' dir='ltr'>directi</span> <span class='ocrx_word' id='word_1_295' title='bbox 685 1779 790 1836; x_wconf 88' lang='lat' dir='ltr'>domini</span> <span class='ocrx_word' id='word_1_296' title='bbox 814 1779 945 1838; x_wconf 87' lang='lat' dir='ltr'>directum</span> <span class='ocrx_word' id='word_1_297' title='bbox 977 1783 1086 1840; x_wconf 85' lang='lat' dir='ltr'>Zenone</span> <span class='ocrx_word' id='word_1_298' title='bbox 1103 1784 1267 1850; x_wconf 78' lang='lat' dir='ltr'>prestitum,</span> <span class='ocrx_word' id='word_1_299' title='bbox 1284 1796 1364 1850; x_wconf 84' lang='lat' dir='ltr'>quani</span> <span class='ocrx_word' id='word_1_300' title='bbox 1381 1781 1452 1848; x_wconf 89' lang='lat' dir='ltr'>quod</span> <span class='ocrx_word' id='word_1_301' title='bbox 1470 1777 1558 1836; x_wconf 87' lang='lat' dir='ltr'>illam.</span> <span class='ocrx_word' id='word_1_302' title='bbox 1572 1779 1680 1836; x_wconf 84' lang='lat' dir='ltr'>sustulit</span> <span class='ocrx_word' id='word_1_303' title='bbox 1707 1781 1780 1838; x_wconf 83' lang='lat' dir='ltr'>inter</span> 
     </span>
     <span class='ocr_line' id='line_1_24' title="bbox 141 1843 1780 1920; baseline 0.004 -20"><span class='ocrx_word' id='word_1_304' title='bbox 141 1843 176 1901; x_wconf 92' lang='lat' dir='ltr'>ab</span> <span class='ocrx_word' id='word_1_305' title='bbox 194 1850 256 1916; x_wconf 86' lang='lat' dir='ltr'>ipsis</span> <span class='ocrx_word' id='word_1_306' title='bbox 272 1844 468 1919; x_wconf 84' lang='lat' dir='ltr'>emphyteutis.</span> <span class='ocrx_word' id='word_1_307' title='bbox 497 1844 557 1904; x_wconf 85' lang='lat' dir='ltr'>Nec</span> <span class='ocrx_word' id='word_1_308' title='bbox 583 1844 690 1904; x_wconf 81' lang='lat' dir='ltr'>differre</span> <span class='ocrx_word' id='word_1_309' title='bbox 715 1849 821 1905; x_wconf 89' lang='lat' dir='ltr'>videtur</span> <span class='ocrx_word' id='word_1_310' title='bbox 847 1843 945 1908; x_wconf 83' lang='lat' dir='ltr'>iiindos</span> <span class='ocrx_word' id='word_1_311' title='bbox 976 1850 1177 1918; x_wconf 70' lang='lat' dir='ltr'>jurisconsultos</span> <span class='ocrx_word' id='word_1_312' title='bbox 1192 1851 1418 1920; x_wconf 74' lang='lat' dir='ltr'>disputationes,</span> <span class='ocrx_word' id='word_1_313' title='bbox 1445 1865 1497 1918; x_wconf 83' lang='lat' dir='ltr'>qua</span> <span class='ocrx_word' id='word_1_314' title='bbox 1519 1847 1566 1906; x_wconf 87' lang='lat' dir='ltr'>alii</span> <span class='ocrx_word' id='word_1_315' title='bbox 1591 1849 1780 1920; x_wconf 85' lang='lat' dir='ltr'>emphyteusin</span> 
     </span>
     <span class='ocr_line' id='line_1_25' title="bbox 140 1913 1779 2000; baseline 0.003 -30"><span class='ocrx_word' id='word_1_316' title='bbox 140 1915 280 2000; x_wconf 73' lang='lat' dir='ltr'>vectigalis</span> <span class='ocrx_word' id='word_1_317' title='bbox 298 1918 325 1976; x_wconf 80' lang='grc' dir='ltr'><strong>δι</strong></span> <span class='ocrx_word' id='word_1_318' title='bbox 343 1913 605 1990; x_wconf 81' lang='lat' dir='ltr'>emphyteuticarios,</span> <span class='ocrx_word' id='word_1_319' title='bbox 624 1917 677 1975; x_wconf 90' lang='lat' dir='ltr'>nisi</span> <span class='ocrx_word' id='word_1_320' title='bbox 693 1917 765 1990; x_wconf 91' lang='lat' dir='ltr'>qood</span> <span class='ocrx_word' id='word_1_321' title='bbox 783 1922 945 1990; x_wconf 85' lang='lat' dir='ltr'>trequentius</span> <span class='ocrx_word' id='word_1_322' title='bbox 973 1927 1123 1991; x_wconf 86' lang='lat' dir='ltr'>emptioni,</span> <span class='ocrx_word' id='word_1_323' title='bbox 1139 1919 1187 1977; x_wconf 86' lang='lat' dir='ltr'>ulii</span> <span class='ocrx_word' id='word_1_324' title='bbox 1207 1918 1335 1977; x_wconf 90' lang='lat' dir='ltr'>locationi</span> <span class='ocrx_word' id='word_1_325' title='bbox 1352 1917 1556 1990; x_wconf 76' lang='lat' dir='ltr'>contendebant</span> <span class='ocrx_word' id='word_1_326' title='bbox 1582 1920 1779 1976; x_wconf 80' lang='lat' dir='ltr'>accensendam</span> 
     </span>
     <span class='ocr_line' id='line_1_26' title="bbox 139 1984 1781 2062; baseline 0.004 -22"><span class='ocrx_word' id='word_1_327' title='bbox 139 1987 288 2056; x_wconf 86' lang='lat' dir='ltr'>municipia</span> <span class='ocrx_word' id='word_1_328' title='bbox 305 1987 334 2042; x_wconf 92' lang='lat' dir='ltr'>in</span> <span class='ocrx_word' id='word_1_329' title='bbox 351 1985 538 2060; x_wconf 87' lang='lat' dir='ltr'>emphyteusin</span> <span class='ocrx_word' id='word_1_330' title='bbox 564 1987 740 2044; x_wconf 76' lang='lat' dir='ltr'>concedentis</span> <span class='ocrx_word' id='word_1_331' title='bbox 766 1989 834 2046; x_wconf 73' lang='lat' dir='ltr'>celi·</span> <span class='ocrx_word' id='word_1_332' title='bbox 849 1990 880 2044; x_wconf 85' lang='lat' dir='ltr'>al</span> <span class='ocrx_word' id='word_1_333' title='bbox 902 1990 944 2046; x_wconf 92' lang='lat' dir='ltr'>di·</span> <span class='ocrx_word' id='word_1_334' title='bbox 973 2011 1049 2062; x_wconf 84' lang='lat' dir='ltr'>eese,</span> <span class='ocrx_word' id='word_1_335' title='bbox 1064 1993 1093 2050; x_wconf 80' lang='lat' dir='ltr'>uc</span> <span class='ocrx_word' id='word_1_336' title='bbox 1111 1990 1245 2060; x_wconf 80' lang='lat' dir='ltr'>propriam</span> <span class='ocrx_word' id='word_1_337' title='bbox 1263 1984 1340 2058; x_wconf 81' lang='lat' dir='ltr'>hujus</span> <span class='ocrx_word' id='word_1_338' title='bbox 1356 2000 1511 2046; x_wconf 88' lang='lat' dir='ltr'>contractos</span> <span class='ocrx_word' id='word_1_339' title='bbox 1529 1991 1670 2046; x_wconf 88' lang='lat' dir='ltr'>constituit</span> <span class='ocrx_word' id='word_1_340' title='bbox 1697 2001 1781 2046; x_wconf 89' lang='lat' dir='ltr'>natu·</span> 
     </span>
     <span class='ocr_line' id='line_1_27' title="bbox 139 2009 1778 2132; baseline 0.002 -20"><span class='ocrx_word' id='word_1_341' title='bbox 139 2069 236 2113; x_wconf 87' lang='lat' dir='ltr'>cantor</span> <span class='ocrx_word' id='word_1_342' title='bbox 252 2057 405 2126; x_wconf 70' lang='lat' dir='ltr'>perciperes</span> <span class='ocrx_word' id='word_1_343' title='bbox 422 2058 512 2125; x_wconf 85' lang='lat' dir='ltr'>quod,</span> <span class='ocrx_word' id='word_1_344' title='bbox 538 2062 561 2113; x_wconf 89' lang='lat' dir='ltr'>si</span> <span class='ocrx_word' id='word_1_345' title='bbox 584 2057 683 2126; x_wconf 81' lang='lat' dir='ltr'>privati</span> <span class='ocrx_word' id='word_1_346' title='bbox 702 2076 751 2128; x_wconf 93' lang='lat' dir='ltr'>pro</span> <span class='ocrx_word' id='word_1_347' title='bbox 775 2009 944 2132; x_wconf 72' lang='lat' dir='ltr'>emphyteusi</span> <span class='ocrx_word' id='word_1_348' title='bbox 974 2081 1050 2132; x_wconf 84' lang='lat' dir='ltr'>ram,</span> <span class='ocrx_word' id='word_1_349' title='bbox 1077 2059 1212 2132; x_wconf 88' lang='lat' dir='ltr'>nequead</span> <span class='ocrx_word' id='word_1_350' title='bbox 1230 2058 1392 2116; x_wconf 85' lang='lat' dir='ltr'>locationem</span> <span class='ocrx_word' id='word_1_351' title='bbox 1418 2075 1503 2129; x_wconf 87' lang='lat' dir='ltr'>neque</span> <span class='ocrx_word' id='word_1_352' title='bbox 1529 2059 1565 2114; x_wconf 87' lang='lat' dir='ltr'>ad</span> <span class='ocrx_word' id='word_1_353' title='bbox 1591 2059 1778 2116; x_wconf 88' lang='lat' dir='ltr'>venditionem</span> 
     </span>
     <span class='ocr_line' id='line_1_28' title="bbox 139 2124 1781 2199; baseline 0.002 -18"><span class='ocrx_word' id='word_1_354' title='bbox 139 2127 293 2197; x_wconf 81' lang='lat' dir='ltr'>accipiant,</span> <span class='ocrx_word' id='word_1_355' title='bbox 310 2147 394 2184; x_wconf 81' lang='lat' dir='ltr'>cuncis</span> <span class='ocrx_word' id='word_1_356' title='bbox 412 2126 571 2196; x_wconf 87' lang='lat' dir='ltr'>appellatur,</span> <span class='ocrx_word' id='word_1_357' title='bbox 588 2143 644 2198; x_wconf 86' lang='lat' dir='ltr'>arg.</span> <span class='ocrx_word' id='word_1_358' title='bbox 664 2127 681 2184; x_wconf 93' lang='lat' dir='ltr'>l.</span> <span class='ocrx_word' id='word_1_359' title='bbox 700 2127 833 2186; x_wconf 62' lang='lat' dir='ltr'>scledum</span> <span class='ocrx_word' id='word_1_360' title='bbox 851 2146 891 2186; x_wconf 85' lang='lat' dir='ltr'>rii</span> <span class='ocrx_word' id='word_1_361' title='bbox 904 2129 943 2186; x_wconf 79' lang='lat'>15.</span> <span class='ocrx_word' id='word_1_362' title='bbox 974 2133 1171 2199; x_wconf 80' lang='lat' dir='ltr'>inclinantem,</span> <span class='ocrx_word' id='word_1_363' title='bbox 1186 2129 1232 2186; x_wconf 90' lang='lat' dir='ltr'>sed</span> <span class='ocrx_word' id='word_1_364' title='bbox 1250 2130 1304 2185; x_wconf 80' lang='lat' dir='ltr'>siis</span> <span class='ocrx_word' id='word_1_365' title='bbox 1321 2124 1491 2198; x_wconf 75' lang='lat' dir='ltr'>panionibus</span> <span class='ocrx_word' id='word_1_366' title='bbox 1508 2125 1693 2196; x_wconf 68' lang='lat' dir='ltr'>fulciendama</span> <span class='ocrx_word' id='word_1_367' title='bbox 1717 2145 1781 2186; x_wconf 88' lang='lat' dir='ltr'>com</span> 
     </span>
     <span class='ocr_line' id='line_1_29' title="bbox 138 2189 1778 2269; baseline 0.002 -19"><span class='ocrx_word' id='word_1_368' title='bbox 138 2189 163 2268; x_wconf 84' lang='lat'>§.</span> <span class='ocrx_word' id='word_1_369' title='bbox 186 2213 207 2250; x_wconf 92' lang='lat' dir='ltr'>i.</span> <span class='ocrx_word' id='word_1_370' title='bbox 217 2192 257 2269; x_wconf 87' lang='lat' dir='ltr'>ff.</span> <span class='ocrx_word' id='word_1_371' title='bbox 275 2199 321 2268; x_wconf 85' lang='lat' dir='ltr'>qui</span> <span class='ocrx_word' id='word_1_372' title='bbox 337 2195 431 2254; x_wconf 82' lang='lat' dir='ltr'>iarirl.</span> <span class='ocrx_word' id='word_1_373' title='bbox 450 2215 501 2269; x_wconf 80' lang='lat' dir='ltr'>cog.</span> <span class='ocrx_word' id='word_1_374' title='bbox 520 2191 602 2268; x_wconf 83' lang='lat' dir='ltr'>Quod</span> <span class='ocrx_word' id='word_1_375' title='bbox 620 2203 647 2254; x_wconf 77' lang='lat' dir='ltr'>iit</span> <span class='ocrx_word' id='word_1_376' title='bbox 664 2203 729 2254; x_wconf 83' lang='lat' dir='ltr'>sotis</span> <span class='ocrx_word' id='word_1_377' title='bbox 748 2199 841 2256; x_wconf 90' lang='lat' dir='ltr'>innuit</span> <span class='ocrx_word' id='word_1_378' title='bbox 857 2206 948 2260; x_wconf 84' lang='lat' dir='ltr'>nostri</span> <span class='ocrx_word' id='word_1_379' title='bbox 974 2203 1061 2260; x_wconf 88' lang='lat' dir='ltr'>varias</span> <span class='ocrx_word' id='word_1_380' title='bbox 1077 2200 1304 2257; x_wconf 88' lang='lat' dir='ltr'>animadverteret</span> <span class='ocrx_word' id='word_1_381' title='bbox 1321 2198 1488 2256; x_wconf 88' lang='lat' dir='ltr'>intercedere</span> <span class='ocrx_word' id='word_1_382' title='bbox 1513 2203 1586 2258; x_wconf 86' lang='lat' dir='ltr'>inter</span> <span class='ocrx_word' id='word_1_383' title='bbox 1613 2197 1684 2254; x_wconf 89' lang='lat' dir='ltr'>hanc</span> <span class='ocrx_word' id='word_1_384' title='bbox 1700 2217 1778 2258; x_wconf 68' lang='lat' dir='ltr'>,con-</span> 
     </span>
     <span class='ocr_line' id='line_1_30' title="bbox 140 2264 1779 2341; baseline 0.002 -21"><span class='ocrx_word' id='word_1_385' title='bbox 140 2264 215 2322; x_wconf 83' lang='lat' dir='ltr'>ticuli</span> <span class='ocrx_word' id='word_1_386' title='bbox 234 2267 390 2339; x_wconf 86' lang='lat' dir='ltr'>inscriptio,</span> <span class='ocrx_word' id='word_1_387' title='bbox 408 2270 431 2322; x_wconf 86' lang='lat' dir='ltr'>ri</span> <span class='ocrx_word' id='word_1_388' title='bbox 449 2287 510 2341; x_wconf 75' lang='lat' dir='ltr'>ager</span> <span class='ocrx_word' id='word_1_389' title='bbox 528 2267 673 2340; x_wconf 66' lang='lat' dir='ltr'>vrligalii,</span> <span class='ocrx_word' id='word_1_390' title='bbox 691 2267 723 2323; x_wconf 82' lang='lat' dir='ltr'>id</span> <span class='ocrx_word' id='word_1_391' title='bbox 736 2283 775 2322; x_wconf 83' lang='lat' dir='ltr'>eii</span> <span class='ocrx_word' id='word_1_392' title='bbox 792 2267 943 2337; x_wconf 74' lang='lat' dir='ltr'>crrrpbyiru-</span> <span class='ocrx_word' id='word_1_393' title='bbox 973 2273 1131 2330; x_wconf 88' lang='lat' dir='ltr'>vcntionem</span> <span class='ocrx_word' id='word_1_394' title='bbox 1148 2273 1319 2328; x_wconf 79' lang='lat' dir='ltr'>&amp;emtionis</span> <span class='ocrx_word' id='word_1_395' title='bbox 1337 2266 1529 2339; x_wconf 85' lang='lat' dir='ltr'>locationisqoe</span> <span class='ocrx_word' id='word_1_396' title='bbox 1545 2265 1718 2326; x_wconf 68' lang='lat' dir='ltr'>contraldum</span> <span class='ocrx_word' id='word_1_397' title='bbox 1733 2268 1779 2324; x_wconf 90' lang='lat' dir='ltr'>di-</span> 
     </span>
     <span class='ocr_line' id='line_1_31' title="bbox 137 2334 1782 2419; baseline 0.001 -26"><span class='ocrx_word' id='word_1_398' title='bbox 137 2339 247 2394; x_wconf 77' lang='lat' dir='ltr'>iicuriui</span> <span class='ocrx_word' id='word_1_399' title='bbox 262 2352 392 2419; x_wconf 64' lang='lat' dir='ltr'>petatur,</span> <span class='ocrx_word' id='word_1_400' title='bbox 406 2352 466 2392; x_wconf 86' lang='lat' dir='ltr'>cum</span> <span class='ocrx_word' id='word_1_401' title='bbox 484 2349 574 2394; x_wconf 90' lang='lat' dir='ltr'>tamen</span> <span class='ocrx_word' id='word_1_402' title='bbox 593 2334 667 2394; x_wconf 87' lang='lat' dir='ltr'>nulia</span> <span class='ocrx_word' id='word_1_403' title='bbox 685 2337 719 2393; x_wconf 89' lang='lat' dir='ltr'>de</span> <span class='ocrx_word' id='word_1_404' title='bbox 737 2339 808 2411; x_wconf 81' lang='lat' dir='ltr'>agris</span> <span class='ocrx_word' id='word_1_405' title='bbox 826 2357 875 2407; x_wconf 71' lang='lat' dir='ltr'>peiv</span> <span class='ocrx_word' id='word_1_406' title='bbox 888 2341 943 2408; x_wconf 88' lang='lat' dir='ltr'>pri·</span> <span class='ocrx_word' id='word_1_407' title='bbox 974 2348 1122 2408; x_wconf 73' lang='lat' dir='ltr'>versitates</span> <span class='ocrx_word' id='word_1_408' title='bbox 1139 2336 1242 2396; x_wconf 79' lang='lat' dir='ltr'>incana</span> <span class='ocrx_word' id='word_1_409' title='bbox 1260 2338 1294 2398; x_wconf 89' lang='lat' dir='ltr'>de</span> <span class='ocrx_word' id='word_1_410' title='bbox 1310 2349 1400 2396; x_wconf 84' lang='lat' dir='ltr'>cetero</span> <span class='ocrx_word' id='word_1_411' title='bbox 1416 2336 1509 2396; x_wconf 75' lang='lat' dir='ltr'>relidit</span> <span class='ocrx_word' id='word_1_412' title='bbox 1520 2336 1782 2410; x_wconf 87' lang='lat' dir='ltr'>emphyteusiosna·</span> 
     </span>
     <span class='ocr_line' id='line_1_32' title="bbox 138 2403 1865 2480; baseline 0.001 -20"><span class='ocrx_word' id='word_1_413' title='bbox 138 2418 215 2462; x_wconf 82' lang='lat' dir='ltr'>vatos</span> <span class='ocrx_word' id='word_1_414' title='bbox 232 2408 261 2463; x_wconf 94' lang='lat' dir='ltr'>in</span> <span class='ocrx_word' id='word_1_415' title='bbox 278 2403 466 2478; x_wconf 85' lang='lat' dir='ltr'>emphyteusin</span> <span class='ocrx_word' id='word_1_416' title='bbox 483 2408 615 2466; x_wconf 88' lang='lat' dir='ltr'>concessis</span> <span class='ocrx_word' id='word_1_417' title='bbox 633 2408 737 2464; x_wconf 86' lang='lat' dir='ltr'>mentio</span> <span class='ocrx_word' id='word_1_418' title='bbox 759 2419 885 2466; x_wconf 70' lang='lat' dir='ltr'>oxorrat</span> <span class='ocrx_word' id='word_1_419' title='bbox 912 2412 942 2468; x_wconf 91' lang='lat' dir='ltr'>in</span> <span class='ocrx_word' id='word_1_420' title='bbox 972 2426 1053 2480; x_wconf 89' lang='lat' dir='ltr'>tura,</span> <span class='ocrx_word' id='word_1_421' title='bbox 1069 2429 1100 2468; x_wconf 88' lang='lat' dir='ltr'>ac</span> <span class='ocrx_word' id='word_1_422' title='bbox 1117 2413 1148 2466; x_wconf 92' lang='lat' dir='ltr'>in</span> <span class='ocrx_word' id='word_1_423' title='bbox 1166 2407 1243 2466; x_wconf 87' lang='lat' dir='ltr'>nollo</span> <span class='ocrx_word' id='word_1_424' title='bbox 1260 2409 1400 2475; x_wconf 85' lang='lat' dir='ltr'>innovata,</span> <span class='ocrx_word' id='word_1_425' title='bbox 1430 2405 1522 2463; x_wconf 75' lang='lat' dir='ltr'>‚adro</span> <span class='ocrx_word' id='word_1_426' title='bbox 1537 2425 1633 2464; x_wconf 82' lang='lat' dir='ltr'>uutrrrr</span> <span class='ocrx_word' id='word_1_427' title='bbox 1650 2404 1777 2464; x_wconf 64' lang='lat' dir='ltr'>hirritu.</span> <span class='ocrx_word' id='word_1_428' title='bbox 1859 2461 1865 2477; x_wconf 62' lang='lat'>‚</span> 
     </span>
     <span class='ocr_line' id='line_1_33' title="bbox 138 2473 1778 2550; baseline 0 -17"><span class='ocrx_word' id='word_1_429' title='bbox 138 2473 196 2533; x_wconf 89' lang='lat' dir='ltr'>ulla</span> <span class='ocrx_word' id='word_1_430' title='bbox 215 2474 291 2532; x_wconf 87' lang='lat' dir='ltr'>huius</span> <span class='ocrx_word' id='word_1_431' title='bbox 310 2477 386 2534; x_wconf 90' lang='lat' dir='ltr'>tituli</span> <span class='ocrx_word' id='word_1_432' title='bbox 404 2474 479 2550; x_wconf 84' lang='lat' dir='ltr'>lege.</span> <span class='ocrx_word' id='word_1_433' title='bbox 686 2483 689 2490; x_wconf 89' lang='grc'><strong><em>’</em></strong></span> <span class='ocrx_word' id='word_1_434' title='bbox 971 2481 1005 2538; x_wconf 83' lang='lat' dir='ltr'>dr</span> <span class='ocrx_word' id='word_1_435' title='bbox 1021 2484 1098 2538; x_wconf 84' lang='lat' dir='ltr'>lucar.</span> <span class='ocrx_word' id='word_1_436' title='bbox 1116 2479 1150 2542; x_wconf 67' lang='grc' dir='ltr'>Θ</span> <span class='ocrx_word' id='word_1_437' title='bbox 1167 2477 1284 2536; x_wconf 79' lang='lat' dir='ltr'>condull.</span> <span class='ocrx_word' id='word_1_438' title='bbox 1311 2477 1328 2534; x_wconf 89' lang='lat' dir='ltr'>l.</span> <span class='ocrx_word' id='word_1_439' title='bbox 1359 2496 1384 2534; x_wconf 92' lang='lat' dir='ltr'>i.</span> <span class='ocrx_word' id='word_1_440' title='bbox 1422 2517 1428 2532; x_wconf 91' lang='lat'>.</span> <span class='ocrx_word' id='word_1_441' title='bbox 1455 2475 1487 2532; x_wconf 80' lang='lat' dir='ltr'>dr</span> <span class='ocrx_word' id='word_1_442' title='bbox 1508 2478 1575 2548; x_wconf 80' lang='lat' dir='ltr'>jure</span> <span class='ocrx_word' id='word_1_443' title='bbox 1599 2475 1710 2548; x_wconf 83' lang='lat' dir='ltr'>rrrrplyi.</span> <span class='ocrx_word' id='word_1_444' title='bbox 1739 2474 1778 2534; x_wconf 76' lang='lat' dir='ltr'>bi</span> 
     </span>
     <span class='ocr_line' id='line_1_34' title="bbox 173 2541 1778 2626; baseline 0.001 -26"><span class='ocrx_word' id='word_1_445' title='bbox 173 2560 200 2600; x_wconf 83' lang='lat' dir='ltr'>a.</span> <span class='ocrx_word' id='word_1_446' title='bbox 218 2541 314 2604; x_wconf 81' lang='lat' dir='ltr'>Differt</span> <span class='ocrx_word' id='word_1_447' title='bbox 330 2561 420 2605; x_wconf 88' lang='lat' dir='ltr'>tamen</span> <span class='ocrx_word' id='word_1_448' title='bbox 439 2543 474 2604; x_wconf 88' lang='lat' dir='ltr'>ab</span> <span class='ocrx_word' id='word_1_449' title='bbox 490 2563 557 2620; x_wconf 87' lang='lat' dir='ltr'>agro</span> <span class='ocrx_word' id='word_1_450' title='bbox 574 2547 698 2621; x_wconf 81' lang='lat' dir='ltr'>vectigali</span> <span class='ocrx_word' id='word_1_451' title='bbox 716 2567 762 2607; x_wconf 87' lang='lat' dir='ltr'>seu</span> <span class='ocrx_word' id='word_1_452' title='bbox 784 2547 942 2621; x_wconf 82' lang='lat' dir='ltr'>emphyteu-</span> <span class='ocrx_word' id='word_1_453' title='bbox 971 2557 1094 2626; x_wconf 89' lang='lat' dir='ltr'>quamvis</span> <span class='ocrx_word' id='word_1_454' title='bbox 1110 2554 1138 2608; x_wconf 84' lang='lat' dir='ltr'>in</span> <span class='ocrx_word' id='word_1_455' title='bbox 1154 2548 1181 2605; x_wconf 81' lang='lat' dir='ltr'>l.</span> <span class='ocrx_word' id='word_1_456' title='bbox 1200 2549 1219 2606; x_wconf 90' lang='lat' dir='ltr'>l.</span> <span class='ocrx_word' id='word_1_457' title='bbox 1242 2549 1417 2615; x_wconf 61' lang='lat' dir='ltr'>ascriptores</span> <span class='ocrx_word' id='word_1_458' title='bbox 1436 2553 1539 2603; x_wconf 73' lang='lat' dir='ltr'>nuntio</span> <span class='ocrx_word' id='word_1_459' title='bbox 1556 2543 1614 2617; x_wconf 82' lang='lat' dir='ltr'>hat,</span> <span class='ocrx_word' id='word_1_460' title='bbox 1631 2545 1696 2604; x_wconf 85' lang='lat' dir='ltr'>dum</span> <span class='ocrx_word' id='word_1_461' title='bbox 1713 2563 1778 2604; x_wconf 90' lang='lat' dir='ltr'>san-</span> 
     </span>
     <span class='ocr_line' id='line_1_35' title="bbox 137 2614 1778 2691; baseline -0.001 -19"><span class='ocrx_word' id='word_1_462' title='bbox 137 2615 234 2672; x_wconf 88' lang='lat' dir='ltr'>ticario</span> <span class='ocrx_word' id='word_1_463' title='bbox 250 2617 376 2685; x_wconf 76' lang='lat' dir='ltr'>predium</span> <span class='ocrx_word' id='word_1_464' title='bbox 392 2617 595 2686; x_wconf 84' lang='lat' dir='ltr'>stipendiarium</span> <span class='ocrx_word' id='word_1_465' title='bbox 611 2631 659 2678; x_wconf 89' lang='lat' dir='ltr'>aut</span> <span class='ocrx_word' id='word_1_466' title='bbox 690 2619 883 2690; x_wconf 89' lang='lat' dir='ltr'>tributarium,</span> <span class='ocrx_word' id='word_1_467' title='bbox 910 2638 943 2676; x_wconf 92' lang='lat' dir='ltr'>eo</span> <span class='ocrx_word' id='word_1_468' title='bbox 971 2630 1073 2691; x_wconf 84' lang='lat' dir='ltr'>citum,</span> <span class='ocrx_word' id='word_1_469' title='bbox 1091 2636 1120 2679; x_wconf 93' lang='lat' dir='ltr'>ot</span> <span class='ocrx_word' id='word_1_470' title='bbox 1139 2624 1230 2676; x_wconf 84' lang='lat' dir='ltr'>omnia</span> <span class='ocrx_word' id='word_1_471' title='bbox 1248 2636 1303 2690; x_wconf 80' lang='lat' dir='ltr'>quc</span> <span class='ocrx_word' id='word_1_472' title='bbox 1319 2614 1500 2687; x_wconf 68' lang='lat' dir='ltr'>pellionibus,</span> <span class='ocrx_word' id='word_1_473' title='bbox 1518 2619 1648 2685; x_wconf 80' lang='lat' dir='ltr'>scriptura</span> <span class='ocrx_word' id='word_1_474' title='bbox 1665 2617 1778 2672; x_wconf 73' lang='lat' dir='ltr'>interor-</span> 
     </span>
     <span class='ocr_line' id='line_1_36' title="bbox 136 2683 1779 2766; baseline -0.002 -23"><span class='ocrx_word' id='word_1_475' title='bbox 136 2685 208 2755; x_wconf 90' lang='lat' dir='ltr'>quod</span> <span class='ocrx_word' id='word_1_476' title='bbox 224 2689 259 2743; x_wconf 89' lang='lat' dir='ltr'>sti</span> <span class='ocrx_word' id='word_1_477' title='bbox 294 2688 400 2746; x_wconf 86' lang='lat' dir='ltr'>ndiaria</span> <span class='ocrx_word' id='word_1_478' title='bbox 416 2699 463 2744; x_wconf 89' lang='lat' dir='ltr'>aot</span> <span class='ocrx_word' id='word_1_479' title='bbox 482 2687 627 2744; x_wconf 87' lang='lat' dir='ltr'>tributaria</span> <span class='ocrx_word' id='word_1_480' title='bbox 653 2689 752 2757; x_wconf 80' lang='lat' dir='ltr'>predia</span> <span class='ocrx_word' id='word_1_481' title='bbox 785 2703 862 2747; x_wconf 90' lang='lat' dir='ltr'>erant</span> <span class='ocrx_word' id='word_1_482' title='bbox 892 2706 940 2761; x_wconf 85' lang='lat' dir='ltr'>ca,</span> <span class='ocrx_word' id='word_1_483' title='bbox 972 2699 1059 2752; x_wconf 81' lang='lat' dir='ltr'>rrirrm</span> <span class='ocrx_word' id='word_1_484' title='bbox 1075 2689 1195 2760; x_wconf 75' lang='lat' dir='ltr'>labilis,</span> <span class='ocrx_word' id='word_1_485' title='bbox 1211 2689 1377 2758; x_wconf 72' lang='lat' dir='ltr'>placuerint,</span> <span class='ocrx_word' id='word_1_486' title='bbox 1401 2684 1484 2755; x_wconf 74' lang='lat' dir='ltr'>firrrrri</span> <span class='ocrx_word' id='word_1_487' title='bbox 1510 2683 1665 2755; x_wconf 77' lang='lat' dir='ltr'>illibataque</span> <span class='ocrx_word' id='word_1_488' title='bbox 1691 2701 1779 2766; x_wconf 72' lang='lat' dir='ltr'>cusio-</span> 
     </span>
     <span class='ocr_line' id='line_1_37' title="bbox 135 2705 1778 2834; baseline -0.001 -21"><span class='ocrx_word' id='word_1_489' title='bbox 135 2775 192 2828; x_wconf 75' lang='lat' dir='ltr'>qoe</span> <span class='ocrx_word' id='word_1_490' title='bbox 209 2755 245 2814; x_wconf 91' lang='lat' dir='ltr'>ab</span> <span class='ocrx_word' id='word_1_491' title='bbox 261 2705 382 2816; x_wconf 62' lang='lat' dir='ltr'>hictibus</span> <span class='ocrx_word' id='word_1_492' title='bbox 398 2769 478 2827; x_wconf 86' lang='lat' dir='ltr'>capta</span> <span class='ocrx_word' id='word_1_493' title='bbox 495 2758 615 2825; x_wconf 89' lang='lat' dir='ltr'>pristinis</span> <span class='ocrx_word' id='word_1_494' title='bbox 632 2760 822 2828; x_wconf 81' lang='lat' dir='ltr'>possessoribus</span> <span class='ocrx_word' id='word_1_495' title='bbox 833 2777 880 2816; x_wconf 86' lang='lat' dir='ltr'>seu</span> <span class='ocrx_word' id='word_1_496' title='bbox 896 2777 942 2815; x_wconf 89' lang='lat' dir='ltr'>co-</span> <span class='ocrx_word' id='word_1_497' title='bbox 971 2764 1090 2831; x_wconf 75' lang='lat' dir='ltr'>lirum,</span> <span class='ocrx_word' id='word_1_498' title='bbox 1107 2779 1139 2819; x_wconf 87' lang='lat' dir='ltr'>ac</span> <span class='ocrx_word' id='word_1_499' title='bbox 1156 2759 1221 2816; x_wconf 89' lang='lat' dir='ltr'>inde</span> <span class='ocrx_word' id='word_1_500' title='bbox 1236 2759 1414 2816; x_wconf 79' lang='lat' dir='ltr'>commniter</span> <span class='ocrx_word' id='word_1_501' title='bbox 1431 2753 1630 2826; x_wconf 83' lang='lat' dir='ltr'>antiquioribus</span> <span class='ocrx_word' id='word_1_502' title='bbox 1647 2753 1778 2834; x_wconf 72' lang='lat' dir='ltr'>placuerit</span> 
     </span>
     <span class='ocr_line' id='line_1_38' title="bbox 136 2822 1776 2903; baseline 0.007 -21"><span class='ocrx_word' id='word_1_503' title='bbox 136 2825 205 2883; x_wconf 90' lang='lat' dir='ltr'>lonis</span> <span class='ocrx_word' id='word_1_504' title='bbox 223 2824 331 2885; x_wconf 89' lang='lat' dir='ltr'>fuerant</span> <span class='ocrx_word' id='word_1_505' title='bbox 350 2827 461 2900; x_wconf 89' lang='lat' dir='ltr'>relicta,</span> <span class='ocrx_word' id='word_1_506' title='bbox 488 2825 592 2884; x_wconf 87' lang='lat' dir='ltr'>tributo</span> <span class='ocrx_word' id='word_1_507' title='bbox 608 2830 749 2897; x_wconf 90' lang='lat' dir='ltr'>imposito.</span> <span class='ocrx_word' id='word_1_508' title='bbox 778 2825 943 2898; x_wconf 75' lang='lat' dir='ltr'>Theophilus</span> <span class='ocrx_word' id='word_1_509' title='bbox 971 2835 1105 2903; x_wconf 78' lang='lat' dir='ltr'>scripture</span> <span class='ocrx_word' id='word_1_510' title='bbox 1123 2829 1268 2890; x_wconf 85' lang='lat' dir='ltr'>necessitas</span> <span class='ocrx_word' id='word_1_511' title='bbox 1303 2838 1373 2884; x_wconf 86' lang='lat' dir='ltr'>teste</span> <span class='ocrx_word' id='word_1_512' title='bbox 1399 2824 1550 2896; x_wconf 79' lang='lat' dir='ltr'>Gaipwvio</span> <span class='ocrx_word' id='word_1_513' title='bbox 1576 2822 1653 2892; x_wconf 60' lang='lat' dir='ltr'>difin-</span> <span class='ocrx_word' id='word_1_514' title='bbox 1673 2825 1776 2896; x_wconf 64' lang='lat' dir='ltr'>imni·</span> 
     </span>
     <span class='ocr_line' id='line_1_39' title="bbox 134 2867 1778 2974; baseline -0.004 -18"><span class='ocrx_word' id='word_1_515' title='bbox 134 2897 163 2956; x_wconf 76' lang='grc' dir='ltr'><strong>δι</strong></span> <span class='ocrx_word' id='word_1_516' title='bbox 181 2891 247 2953; x_wconf 89' lang='lat' dir='ltr'>DD.</span> <span class='ocrx_word' id='word_1_517' title='bbox 269 2896 314 2953; x_wconf 87' lang='lat' dir='ltr'>vul</span> <span class='ocrx_word' id='word_1_518' title='bbox 333 2915 350 2954; x_wconf 91' lang='lat' dir='ltr'>o</span> <span class='ocrx_word' id='word_1_519' title='bbox 366 2897 408 2953; x_wconf 83' lang='lat' dir='ltr'>ad</span> <span class='ocrx_word' id='word_1_520' title='bbox 419 2891 444 2971; x_wconf 80' lang='lat'>§.</span> <span class='ocrx_word' id='word_1_521' title='bbox 478 2919 506 2952; x_wconf 88' lang='lat' dir='ltr'>rr</span> <span class='ocrx_word' id='word_1_522' title='bbox 522 2897 692 2956; x_wconf 80' lang='lat' dir='ltr'>traditionem</span> <span class='ocrx_word' id='word_1_523' title='bbox 718 2898 763 2968; x_wconf 77' lang='lat' dir='ltr'>lo.</span> <span class='ocrx_word' id='word_1_524' title='bbox 791 2898 883 2958; x_wconf 82' lang='lat' dir='ltr'>Initii.</span> <span class='ocrx_word' id='word_1_525' title='bbox 910 2899 941 2954; x_wconf 83' lang='lat' dir='ltr'>de</span> <span class='ocrx_word' id='word_1_526' title='bbox 970 2920 1038 2974; x_wconf 81' lang='lat' dir='ltr'>pare.</span> <span class='ocrx_word' id='word_1_527' title='bbox 1058 2917 1084 2958; x_wconf 83' lang='lat' dir='ltr'>a.</span> <span class='ocrx_word' id='word_1_528' title='bbox 1101 2917 1180 2957; x_wconf 80' lang='lat' dir='ltr'>curri.</span> <span class='ocrx_word' id='word_1_529' title='bbox 1202 2894 1245 2970; x_wconf 84' lang='lat'>59.</span> <span class='ocrx_word' id='word_1_530' title='bbox 1263 2867 1317 2969; x_wconf 76' lang='lat' dir='ltr'>def.</span> <span class='ocrx_word' id='word_1_531' title='bbox 1336 2910 1360 2967; x_wconf 90' lang='lat'>7.</span> <span class='ocrx_word' id='word_1_532' title='bbox 1379 2915 1452 2953; x_wconf 84' lang='lat' dir='ltr'>num.</span> <span class='ocrx_word' id='word_1_533' title='bbox 1471 2895 1497 2952; x_wconf 87' lang='grc'>5.</span> <span class='ocrx_word' id='word_1_534' title='bbox 1514 2893 1541 2952; x_wconf 89' lang='grc'>6.</span> <span class='ocrx_word' id='word_1_535' title='bbox 1561 2910 1585 2968; x_wconf 84' lang='lat'>7.</span> <span class='ocrx_word' id='word_1_536' title='bbox 1595 2893 1620 2950; x_wconf 82' lang='lat' dir='ltr'>ti.</span> <span class='ocrx_word' id='word_1_537' title='bbox 1629 2893 1778 2954; x_wconf 89' lang='lat' dir='ltr'>JulioCla-</span> 
     </span>
     <span class='ocr_line' id='line_1_40' title="bbox 134 2913 1779 3101; baseline 0.001 -81"><span class='ocrx_word' id='word_1_538' title='bbox 134 2987 185 3022; x_wconf 81' lang='lat' dir='ltr'>rer.</span> <span class='ocrx_word' id='word_1_539' title='bbox 203 2965 283 3023; x_wconf 84' lang='lat' dir='ltr'>divis.</span> <span class='ocrx_word' id='word_1_540' title='bbox 320 2986 335 3022; x_wconf 86' lang='lat' dir='ltr'>c</span> <span class='ocrx_word' id='word_1_541' title='bbox 353 2966 447 3038; x_wconf 81' lang='lat' dir='ltr'>quibtu</span> <span class='ocrx_word' id='word_1_542' title='bbox 461 2913 545 3026; x_wconf 81' lang='lat' dir='ltr'>iatius</span> <span class='ocrx_word' id='word_1_543' title='bbox 562 2971 603 3026; x_wconf 82' lang='lat' dir='ltr'>iii.</span> <span class='ocrx_word' id='word_1_544' title='bbox 621 2967 654 3024; x_wconf 82' lang='lat' dir='ltr'>dr</span> <span class='ocrx_word' id='word_1_545' title='bbox 671 2973 770 3040; x_wconf 85' lang='lat' dir='ltr'>acquir.</span> <span class='ocrx_word' id='word_1_546' title='bbox 780 2991 831 3027; x_wconf 82' lang='lat' dir='ltr'>rer.</span> <span class='ocrx_word' id='word_1_547' title='bbox 843 2966 941 3026; x_wconf 78' lang='lat' dir='ltr'>domin.</span> <span class='ocrx_word' id='word_1_548' title='bbox 972 2965 1044 3101; x_wconf 44' lang='lat' dir='ltr'>mog</span> <span class='ocrx_word' id='word_1_549' title='bbox 1062 2971 1233 3052; x_wconf 74' lang='lat' dir='ltr'>errrplyiruiii</span> <span class='ocrx_word' id='word_1_550' title='bbox 1251 2983 1340 3039; x_wconf 76' lang='lat' dir='ltr'>quart.</span> <span class='ocrx_word' id='word_1_551' title='bbox 1358 2963 1386 3035; x_wconf 79' lang='lat' dir='ltr'>l.</span> <span class='ocrx_word' id='word_1_552' title='bbox 1400 2983 1460 3022; x_wconf 86' lang='lat' dir='ltr'>eain</span> <span class='ocrx_word' id='word_1_553' title='bbox 1472 2979 1564 3049; x_wconf 71' lang='lat' dir='ltr'>tannen</span> <span class='ocrx_word' id='word_1_554' title='bbox 1582 2981 1638 3022; x_wconf 91' lang='lat' dir='ltr'>non</span> <span class='ocrx_word' id='word_1_555' title='bbox 1658 2964 1693 3021; x_wconf 92' lang='lat' dir='ltr'>ad</span> <span class='ocrx_word' id='word_1_556' title='bbox 1710 2981 1779 3022; x_wconf 80' lang='lat' dir='ltr'>con-</span> 
     </span>
     <span class='ocr_line' id='line_1_41' title="bbox 135 3031 1779 3110; baseline -0.001 -19"><span class='ocrx_word' id='word_1_557' title='bbox 135 3031 229 3091; x_wconf 84' lang='lat' dir='ltr'>Distat</span> <span class='ocrx_word' id='word_1_558' title='bbox 245 3053 351 3104; x_wconf 90' lang='lat' dir='ltr'>quoquc</span> <span class='ocrx_word' id='word_1_559' title='bbox 366 3036 544 3109; x_wconf 89' lang='lat' dir='ltr'>emphyteusis</span> <span class='ocrx_word' id='word_1_560' title='bbox 561 3035 739 3097; x_wconf 81' lang='lat' dir='ltr'>multifariam</span> <span class='ocrx_word' id='word_1_561' title='bbox 763 3054 780 3093; x_wconf 88' lang='lat' dir='ltr'>a</span> <span class='ocrx_word' id='word_1_562' title='bbox 807 3038 942 3098; x_wconf 88' lang='lat' dir='ltr'>locatione</span> <span class='ocrx_word' id='word_1_563' title='bbox 972 3056 998 3100; x_wconf 93' lang='lat' dir='ltr'>tr</span> <span class='ocrx_word' id='word_1_564' title='bbox 1044 3061 1075 3100; x_wconf 88' lang='lat' dir='ltr'>os</span> <span class='ocrx_word' id='word_1_565' title='bbox 1091 3040 1170 3110; x_wconf 73' lang='lat' dir='ltr'>horus</span> <span class='ocrx_word' id='word_1_566' title='bbox 1185 3036 1374 3105; x_wconf 73' lang='lat' dir='ltr'>subnantitm,</span> <span class='ocrx_word' id='word_1_567' title='bbox 1391 3037 1437 3096; x_wconf 88' lang='lat' dir='ltr'>secl</span> <span class='ocrx_word' id='word_1_568' title='bbox 1458 3036 1653 3094; x_wconf 81' lang='lat' dir='ltr'>evidentiorem</span> <span class='ocrx_word' id='word_1_569' title='bbox 1670 3047 1779 3092; x_wconf 89' lang='lat' dir='ltr'>tantuin</span> 
     </span>
     <span class='ocr_line' id='line_1_42' title="bbox 133 3102 1779 3188; baseline 0 -29"><span class='ocrx_word' id='word_1_570' title='bbox 133 3111 258 3178; x_wconf 78' lang='lat' dir='ltr'>agrisque</span> <span class='ocrx_word' id='word_1_571' title='bbox 276 3103 433 3176; x_wconf 86' lang='lat' dir='ltr'>conductis,</span> <span class='ocrx_word' id='word_1_572' title='bbox 461 3121 588 3176; x_wconf 88' lang='lat' dir='ltr'>quatenus</span> <span class='ocrx_word' id='word_1_573' title='bbox 614 3107 789 3182; x_wconf 88' lang='lat' dir='ltr'>emphyteuta</span> <span class='ocrx_word' id='word_1_574' title='bbox 806 3109 874 3168; x_wconf 87' lang='lat' dir='ltr'>utile</span> <span class='ocrx_word' id='word_1_575' title='bbox 891 3107 941 3166; x_wconf 86' lang='lat' dir='ltr'>lia-</span> <span class='ocrx_word' id='word_1_576' title='bbox 971 3113 1160 3188; x_wconf 68' lang='lat' dir='ltr'>gestorum&amp;</span> <span class='ocrx_word' id='word_1_577' title='bbox 1179 3111 1208 3176; x_wconf 85' lang='lat' dir='ltr'>in</span> <span class='ocrx_word' id='word_1_578' title='bbox 1226 3120 1382 3178; x_wconf 87' lang='lat' dir='ltr'>perpetuum</span> <span class='ocrx_word' id='word_1_579' title='bbox 1399 3124 1431 3162; x_wconf 86' lang='lat' dir='ltr'>ac</span> <span class='ocrx_word' id='word_1_580' title='bbox 1449 3103 1643 3164; x_wconf 86' lang='lat' dir='ltr'>inimemoriale</span> <span class='ocrx_word' id='word_1_581' title='bbox 1662 3120 1708 3162; x_wconf 89' lang='lat' dir='ltr'>aur</span> <span class='ocrx_word' id='word_1_582' title='bbox 1723 3102 1779 3160; x_wconf 89' lang='lat' dir='ltr'>sai-</span> 
     </span>
     <span class='ocr_line' id='line_1_43' title="bbox 137 3172 1805 3254; baseline -0.002 -22"><span class='ocrx_word' id='word_1_583' title='bbox 137 3173 184 3232; x_wconf 87' lang='lat' dir='ltr'>bet</span> <span class='ocrx_word' id='word_1_584' title='bbox 201 3174 370 3247; x_wconf 87' lang='lat' dir='ltr'>dominium,</span> <span class='ocrx_word' id='word_1_585' title='bbox 388 3173 483 3234; x_wconf 85' lang='lat' dir='ltr'>utilem</span> <span class='ocrx_word' id='word_1_586' title='bbox 501 3184 529 3235; x_wconf 93' lang='lat' dir='ltr'>in</span> <span class='ocrx_word' id='word_1_587' title='bbox 547 3195 603 3236; x_wconf 88' lang='lat' dir='ltr'>rem</span> <span class='ocrx_word' id='word_1_588' title='bbox 630 3181 784 3250; x_wconf 79' lang='lat' dir='ltr'>actionem,</span> <span class='ocrx_word' id='word_1_589' title='bbox 811 3195 942 3238; x_wconf 87' lang='lat' dir='ltr'>canonem</span> <span class='ocrx_word' id='word_1_590' title='bbox 962 3195 1025 3240; x_wconf 79' lang='lat' dir='ltr'>&#39;tetn</span> <span class='ocrx_word' id='word_1_591' title='bbox 1042 3180 1154 3254; x_wconf 84' lang='lat' dir='ltr'>longum</span> <span class='ocrx_word' id='word_1_592' title='bbox 1170 3193 1273 3247; x_wconf 81' lang='lat' dir='ltr'>tempm</span> <span class='ocrx_word' id='word_1_593' title='bbox 1290 3179 1346 3234; x_wconf 89' lang='lat' dir='ltr'>vim</span> <span class='ocrx_word' id='word_1_594' title='bbox 1366 3173 1573 3246; x_wconf 80' lang='lat' dir='ltr'>habitatorum,</span> <span class='ocrx_word' id='word_1_595' title='bbox 1590 3172 1779 3244; x_wconf 72' lang='lat' dir='ltr'>probationem</span> <span class='ocrx_word' id='word_1_596' title='bbox 1802 3205 1805 3214; x_wconf 42' lang='grc' dir='ltr'><strong>ι</strong></span> 
     </span>
     <span class='ocr_line' id='line_1_44' title="bbox 134 3242 1778 3326; baseline 0.001 -26"><span class='ocrx_word' id='word_1_597' title='bbox 134 3242 217 3300; x_wconf 87' lang='lat' dir='ltr'>solvit</span> <span class='ocrx_word' id='word_1_598' title='bbox 235 3261 292 3301; x_wconf 91' lang='lat' dir='ltr'>non</span> <span class='ocrx_word' id='word_1_599' title='bbox 311 3248 543 3315; x_wconf 85' lang='lat' dir='ltr'>proportionatum</span> <span class='ocrx_word' id='word_1_600' title='bbox 560 3253 709 3320; x_wconf 83' lang='lat' dir='ltr'>quantitati</span> <span class='ocrx_word' id='word_1_601' title='bbox 727 3245 882 3320; x_wconf 85' lang='lat' dir='ltr'>fructuum,</span> <span class='ocrx_word' id='word_1_602' title='bbox 908 3251 942 3307; x_wconf 90' lang='lat' dir='ltr'>ad</span> <span class='ocrx_word' id='word_1_603' title='bbox 972 3255 1122 3324; x_wconf 84' lang='lat' dir='ltr'>pertinere,</span> <span class='ocrx_word' id='word_1_604' title='bbox 1139 3251 1229 3310; x_wconf 88' lang='lat' dir='ltr'>verius</span> <span class='ocrx_word' id='word_1_605' title='bbox 1245 3259 1304 3326; x_wconf 75' lang='lat' dir='ltr'>est,</span> <span class='ocrx_word' id='word_1_606' title='bbox 1322 3260 1451 3320; x_wconf 85' lang='lat' dir='ltr'>tanquam</span> <span class='ocrx_word' id='word_1_607' title='bbox 1476 3244 1658 3303; x_wconf 82' lang='lat' dir='ltr'>fidelissimam</span> <span class='ocrx_word' id='word_1_608' title='bbox 1675 3260 1778 3302; x_wconf 87' lang='lat' dir='ltr'>memo-</span> 
     </span>
     <span class='ocr_line' id='line_1_45' title="bbox 133 3313 1778 3390; baseline -0.002 -18"><span class='ocrx_word' id='word_1_609' title='bbox 133 3313 337 3374; x_wconf 87' lang='lat' dir='ltr'>meliorationes</span> <span class='ocrx_word' id='word_1_610' title='bbox 354 3330 463 3376; x_wconf 89' lang='lat' dir='ltr'>tenetur</span> <span class='ocrx_word' id='word_1_611' title='bbox 477 3315 687 3390; x_wconf 71' lang='lat' dir='ltr'>,remissionem</span> <span class='ocrx_word' id='word_1_612' title='bbox 705 3322 818 3378; x_wconf 87' lang='lat' dir='ltr'>canonis</span> <span class='ocrx_word' id='word_1_613' title='bbox 833 3318 871 3376; x_wconf 89' lang='lat' dir='ltr'>ob</span> <span class='ocrx_word' id='word_1_614' title='bbox 887 3332 941 3377; x_wconf 88' lang='lat' dir='ltr'>ste·</span> <span class='ocrx_word' id='word_1_615' title='bbox 972 3329 1017 3380; x_wconf 81' lang='lat' dir='ltr'>ria</span> <span class='ocrx_word' id='word_1_616' title='bbox 1033 3322 1172 3379; x_wconf 86' lang='lat' dir='ltr'>custodem</span> <span class='ocrx_word' id='word_1_617' title='bbox 1189 3322 1217 3378; x_wconf 80' lang='lat' dir='ltr'>ui</span> <span class='ocrx_word' id='word_1_618' title='bbox 1234 3319 1405 3388; x_wconf 76' lang='lat' dir='ltr'>adiutricem:</span> <span class='ocrx_word' id='word_1_619' title='bbox 1425 3336 1461 3374; x_wconf 92' lang='lat' dir='ltr'>ne</span> <span class='ocrx_word' id='word_1_620' title='bbox 1478 3314 1545 3371; x_wconf 88' lang='lat' dir='ltr'>alias</span> <span class='ocrx_word' id='word_1_621' title='bbox 1562 3314 1637 3383; x_wconf 90' lang='lat' dir='ltr'>lapso</span> <span class='ocrx_word' id='word_1_622' title='bbox 1650 3318 1778 3384; x_wconf 85' lang='lat' dir='ltr'>temporis</span> 
     </span>
     <span class='ocr_line' id='line_1_46' title="bbox 134 3379 1777 3469; baseline -0.001 -29"><span class='ocrx_word' id='word_1_623' title='bbox 134 3383 283 3457; x_wconf 88' lang='lat' dir='ltr'>tilitatem,</span> <span class='ocrx_word' id='word_1_624' title='bbox 309 3384 417 3444; x_wconf 84' lang='lat' dir='ltr'>aliudve</span> <span class='ocrx_word' id='word_1_625' title='bbox 440 3389 570 3446; x_wconf 87' lang='lat' dir='ltr'>damnum</span> <span class='ocrx_word' id='word_1_626' title='bbox 587 3387 749 3461; x_wconf 86' lang='lat' dir='ltr'>particulare</span> <span class='ocrx_word' id='word_1_627' title='bbox 774 3402 865 3461; x_wconf 87' lang='lat' dir='ltr'>petere</span> <span class='ocrx_word' id='word_1_628' title='bbox 894 3407 942 3446; x_wconf 89' lang='lat' dir='ltr'>ne·</span> <span class='ocrx_word' id='word_1_629' title='bbox 988 3403 1046 3452; x_wconf 88' lang='lat' dir='ltr'>esta</span> <span class='ocrx_word' id='word_1_630' title='bbox 1062 3393 1207 3459; x_wconf 70' lang='lat' dir='ltr'>stridant,</span> <span class='ocrx_word' id='word_1_631' title='bbox 1233 3391 1262 3448; x_wconf 76' lang='grc' dir='ltr'><strong>δι</strong></span> <span class='ocrx_word' id='word_1_632' title='bbox 1281 3386 1407 3444; x_wconf 88' lang='lat' dir='ltr'>vacillare</span> <span class='ocrx_word' id='word_1_633' title='bbox 1424 3386 1537 3469; x_wconf 76' lang='lat' dir='ltr'>incipiat</span> <span class='ocrx_word' id='word_1_634' title='bbox 1563 3381 1729 3466; x_wconf 43' lang='lat' dir='ltr'>contraditis.</span> <span class='ocrx_word' id='word_1_635' title='bbox 1745 3379 1777 3438; x_wconf 89' lang='lat' dir='ltr'>h-</span> 
     </span>
     <span class='ocr_line' id='line_1_47' title="bbox 131 3411 1779 3535; baseline -0.001 -21"><span class='ocrx_word' id='word_1_636' title='bbox 131 3459 206 3527; x_wconf 89' lang='lat' dir='ltr'>quit.</span> <span class='ocrx_word' id='word_1_637' title='bbox 229 3453 299 3528; x_wconf 72' lang='lat' dir='ltr'>Qua</span> <span class='ocrx_word' id='word_1_638' title='bbox 316 3455 395 3514; x_wconf 90' lang='lat' dir='ltr'>aliter</span> <span class='ocrx_word' id='word_1_639' title='bbox 413 3460 443 3514; x_wconf 93' lang='lat' dir='ltr'>in</span> <span class='ocrx_word' id='word_1_640' title='bbox 462 3457 597 3518; x_wconf 88' lang='lat' dir='ltr'>locatione</span> <span class='ocrx_word' id='word_1_641' title='bbox 614 3459 749 3530; x_wconf 88' lang='lat' dir='ltr'>obtinere,</span> <span class='ocrx_word' id='word_1_642' title='bbox 762 3477 797 3517; x_wconf 83' lang='lat' dir='ltr'>ex</span> <span class='ocrx_word' id='word_1_643' title='bbox 815 3456 940 3529; x_wconf 74' lang='lat' dir='ltr'>loriano·</span> <span class='ocrx_word' id='word_1_644' title='bbox 970 3411 1035 3534; x_wconf 63' lang='lat' dir='ltr'>dee,</span> <span class='ocrx_word' id='word_1_645' title='bbox 1053 3463 1117 3520; x_wconf 85' lang='lat' dir='ltr'>duni</span> <span class='ocrx_word' id='word_1_646' title='bbox 1134 3459 1224 3518; x_wconf 88' lang='lat' dir='ltr'>labilis</span> <span class='ocrx_word' id='word_1_647' title='bbox 1241 3457 1383 3514; x_wconf 90' lang='lat' dir='ltr'>hominum</span> <span class='ocrx_word' id='word_1_648' title='bbox 1400 3471 1530 3512; x_wconf 79' lang='lat' dir='ltr'>monario</span> <span class='ocrx_word' id='word_1_649' title='bbox 1546 3465 1598 3525; x_wconf 88' lang='lat' dir='ltr'>est,</span> <span class='ocrx_word' id='word_1_650' title='bbox 1605 3465 1779 3535; x_wconf 64' lang='lat' dir='ltr'>atqiiectiain</span> 
     </span>
     <span class='ocr_line' id='line_1_48' title="bbox 131 3521 1779 3606; baseline -0.002 -22"><span class='ocrx_word' id='word_1_651' title='bbox 131 3527 181 3584; x_wconf 89' lang='lat' dir='ltr'>stri</span> <span class='ocrx_word' id='word_1_652' title='bbox 200 3529 339 3598; x_wconf 90' lang='lat' dir='ltr'>principiis</span> <span class='ocrx_word' id='word_1_653' title='bbox 354 3539 459 3585; x_wconf 88' lang='lat' dir='ltr'>certum</span> <span class='ocrx_word' id='word_1_654' title='bbox 476 3542 525 3587; x_wconf 86' lang='lat' dir='ltr'>est.</span> <span class='ocrx_word' id='word_1_655' title='bbox 544 3527 583 3588; x_wconf 92' lang='lat' dir='ltr'>Ut</span> <span class='ocrx_word' id='word_1_656' title='bbox 601 3531 712 3598; x_wconf 87' lang='lat' dir='ltr'>proinde</span> <span class='ocrx_word' id='word_1_657' title='bbox 728 3547 785 3588; x_wconf 91' lang='lat' dir='ltr'>non</span> <span class='ocrx_word' id='word_1_658' title='bbox 804 3531 858 3586; x_wconf 93' lang='lat' dir='ltr'>nisi</span> <span class='ocrx_word' id='word_1_659' title='bbox 874 3525 941 3584; x_wconf 86' lang='lat' dir='ltr'>abu-</span> <span class='ocrx_word' id='word_1_660' title='bbox 970 3529 1062 3590; x_wconf 84' lang='lat' dir='ltr'>dcfieit</span> <span class='ocrx_word' id='word_1_661' title='bbox 1081 3535 1189 3590; x_wconf 87' lang='lat' dir='ltr'>testium</span> <span class='ocrx_word' id='word_1_662' title='bbox 1205 3526 1418 3584; x_wconf 75' lang='lat' dir='ltr'>mortalitate&amp;</span> <span class='ocrx_word' id='word_1_663' title='bbox 1437 3523 1488 3580; x_wconf 87' lang='lat' dir='ltr'>hos</span> <span class='ocrx_word' id='word_1_664' title='bbox 1504 3521 1779 3606; x_wconf 30' lang='lat' dir='ltr'>convenienter-aliis</span> 
     </span>
     <span class='ocr_line' id='line_1_49' title="bbox 134 3589 1779 3674; baseline 0.004 -22"><span class='ocrx_word' id='word_1_665' title='bbox 134 3597 188 3653; x_wconf 85' lang='lat' dir='ltr'>sive</span> <span class='ocrx_word' id='word_1_666' title='bbox 205 3594 386 3668; x_wconf 73' lang='lat' dir='ltr'>emphyteuta</span> <span class='ocrx_word' id='word_1_667' title='bbox 404 3599 531 3656; x_wconf 89' lang='lat' dir='ltr'>dicantur</span> <span class='ocrx_word' id='word_1_668' title='bbox 550 3597 664 3658; x_wconf 74' lang='lat' dir='ltr'>ferndum</span> <span class='ocrx_word' id='word_1_669' title='bbox 682 3597 781 3659; x_wconf 86' lang='lat' dir='ltr'>habete</span> <span class='ocrx_word' id='word_1_670' title='bbox 808 3601 837 3656; x_wconf 89' lang='lat' dir='ltr'>iri</span> <span class='ocrx_word' id='word_1_671' title='bbox 854 3612 940 3668; x_wconf 86' lang='lat' dir='ltr'>prrpe-</span> <span class='ocrx_word' id='word_1_672' title='bbox 972 3601 1092 3674; x_wconf 82' lang='lat' dir='ltr'>legibus,</span> <span class='ocrx_word' id='word_1_673' title='bbox 1108 3600 1259 3673; x_wconf 82' lang='lat' dir='ltr'>generatim</span> <span class='ocrx_word' id='word_1_674' title='bbox 1275 3593 1459 3666; x_wconf 72' lang='lat' dir='ltr'>didiantibus,</span> <span class='ocrx_word' id='word_1_675' title='bbox 1476 3593 1569 3648; x_wconf 89' lang='lat' dir='ltr'>solitas</span> <span class='ocrx_word' id='word_1_676' title='bbox 1588 3589 1645 3647; x_wconf 84' lang='lat' dir='ltr'>heri</span> <span class='ocrx_word' id='word_1_677' title='bbox 1662 3603 1779 3674; x_wconf 69' lang='lat' dir='ltr'>sriii’iu·</span> 
     </span>
     <span class='ocr_line' id='line_1_50' title="bbox 133 3659 1781 3794; baseline -0.003 -74"><span class='ocrx_word' id='word_1_678' title='bbox 133 3681 210 3724; x_wconf 80' lang='lat' dir='ltr'>tuum</span> <span class='ocrx_word' id='word_1_679' title='bbox 227 3683 279 3724; x_wconf 84' lang='lat' dir='ltr'>aur</span> <span class='ocrx_word' id='word_1_680' title='bbox 295 3666 337 3722; x_wconf 84' lang='lat' dir='ltr'>ad</span> <span class='ocrx_word' id='word_1_681' title='bbox 349 3683 451 3737; x_wconf 84' lang='lat' dir='ltr'>tempus</span> <span class='ocrx_word' id='word_1_682' title='bbox 467 3665 624 3728; x_wconf 79' lang='lat' dir='ltr'>conludium</span> <span class='ocrx_word' id='word_1_683' title='bbox 641 3675 670 3726; x_wconf 88' lang='lat' dir='ltr'>r&#39;rr</span> <span class='ocrx_word' id='word_1_684' title='bbox 687 3666 714 3724; x_wconf 81' lang='lat' dir='ltr'>d.</span> <span class='ocrx_word' id='word_1_685' title='bbox 732 3669 749 3724; x_wconf 93' lang='lat' dir='ltr'>l.</span> <span class='ocrx_word' id='word_1_686' title='bbox 770 3687 792 3725; x_wconf 90' lang='lat'>1.</span> <span class='ocrx_word' id='word_1_687' title='bbox 811 3667 845 3732; x_wconf 66' lang='lat' dir='ltr'>lu</span> <span class='ocrx_word' id='word_1_688' title='bbox 862 3665 889 3724; x_wconf 81' lang='lat'>3.</span> <span class='ocrx_word' id='word_1_689' title='bbox 898 3661 941 3794; x_wconf 55' lang='grc' dir='ltr'>[ζ.</span> <span class='ocrx_word' id='word_1_690' title='bbox 972 3689 1035 3744; x_wconf 85' lang='lat' dir='ltr'>ras,</span> <span class='ocrx_word' id='word_1_691' title='bbox 1052 3683 1084 3728; x_wconf 92' lang='lat' dir='ltr'>ut</span> <span class='ocrx_word' id='word_1_692' title='bbox 1101 3671 1172 3740; x_wconf 91' lang='lat' dir='ltr'>qood</span> <span class='ocrx_word' id='word_1_693' title='bbox 1190 3667 1279 3727; x_wconf 78' lang='lat' dir='ltr'>alium</span> <span class='ocrx_word' id='word_1_694' title='bbox 1296 3678 1336 3748; x_wconf 73' lang='lat' dir='ltr'>est</span> <span class='ocrx_word' id='word_1_695' title='bbox 1355 3659 1459 3720; x_wconf 85' lang='lat' dir='ltr'>facilius</span> <span class='ocrx_word' id='word_1_696' title='bbox 1477 3680 1522 3731; x_wconf 84' lang='lat' dir='ltr'>per</span> <span class='ocrx_word' id='word_1_697' title='bbox 1538 3681 1584 3734; x_wconf 80' lang='lat' dir='ltr'>eas</span> <span class='ocrx_word' id='word_1_698' title='bbox 1609 3659 1702 3716; x_wconf 88' lang='lat' dir='ltr'>tobati</span> <span class='ocrx_word' id='word_1_699' title='bbox 1716 3679 1781 3741; x_wconf 50' lang='grc' dir='ltr'><strong>ραις,</strong></span> 
     </span>
     <span class='ocr_line' id='line_1_51' title="bbox 135 3731 1779 3814; baseline -0.003 -24"><span class='ocrx_word' id='word_1_700' title='bbox 135 3734 161 3790; x_wconf 91' lang='lat' dir='ltr'>b.</span> <span class='ocrx_word' id='word_1_701' title='bbox 179 3752 199 3792; x_wconf 86' lang='lat' dir='ltr'>t.</span> <span class='ocrx_word' id='word_1_702' title='bbox 219 3739 270 3794; x_wconf 86' lang='lat' dir='ltr'>nisi</span> <span class='ocrx_word' id='word_1_703' title='bbox 287 3738 427 3810; x_wconf 87' lang='lat' dir='ltr'>dicamus,</span> <span class='ocrx_word' id='word_1_704' title='bbox 446 3753 565 3809; x_wconf 86' lang='lat' dir='ltr'>tempore</span> <span class='ocrx_word' id='word_1_705' title='bbox 579 3753 721 3800; x_wconf 85' lang='lat' dir='ltr'>auctorum</span> <span class='ocrx_word' id='word_1_706' title='bbox 738 3735 765 3794; x_wconf 81' lang='lat' dir='ltr'>l.</span> <span class='ocrx_word' id='word_1_707' title='bbox 785 3739 803 3794; x_wconf 92' lang='lat' dir='ltr'>l.</span> <span class='ocrx_word' id='word_1_708' title='bbox 825 3756 847 3794; x_wconf 93' lang='lat' dir='ltr'>i.</span> <span class='ocrx_word' id='word_1_709' title='bbox 865 3737 898 3802; x_wconf 67' lang='lat' dir='ltr'>(a</span> <span class='ocrx_word' id='word_1_710' title='bbox 933 3777 941 3791; x_wconf 84' lang='lat'>.</span> <span class='ocrx_word' id='word_1_711' title='bbox 970 3746 1025 3808; x_wconf 75' lang='lat' dir='ltr'>rit,</span> <span class='ocrx_word' id='word_1_712' title='bbox 1043 3739 1133 3796; x_wconf 85' lang='lat' dir='ltr'>valere</span> <span class='ocrx_word' id='word_1_713' title='bbox 1150 3751 1242 3794; x_wconf 89' lang='lat' dir='ltr'>autem</span> <span class='ocrx_word' id='word_1_714' title='bbox 1259 3739 1287 3794; x_wconf 82' lang='grc' dir='ltr'><strong>δι</strong></span> <span class='ocrx_word' id='word_1_715' title='bbox 1306 3751 1364 3790; x_wconf 90' lang='lat' dir='ltr'>sine</span> <span class='ocrx_word' id='word_1_716' title='bbox 1388 3731 1429 3788; x_wconf 91' lang='lat' dir='ltr'>his</span> <span class='ocrx_word' id='word_1_717' title='bbox 1456 3731 1526 3802; x_wconf 91' lang='lat' dir='ltr'>quod</span> <span class='ocrx_word' id='word_1_718' title='bbox 1543 3749 1568 3814; x_wconf 82' lang='grc' dir='ltr'>Ιιι</span> <span class='ocrx_word' id='word_1_719' title='bbox 1598 3747 1644 3786; x_wconf 89' lang='lat' dir='ltr'>um</span> <span class='ocrx_word' id='word_1_720' title='bbox 1669 3744 1727 3813; x_wconf 78' lang='lat' dir='ltr'>cst,</span> <span class='ocrx_word' id='word_1_721' title='bbox 1754 3747 1779 3784; x_wconf 88' lang='lat' dir='ltr'>si</span> 
     </span>
     <span class='ocr_line' id='line_1_52' title="bbox 135 3797 1779 3878; baseline -0.006 -15"><span class='ocrx_word' id='word_1_722' title='bbox 135 3805 305 3876; x_wconf 88' lang='lat' dir='ltr'>emphyteusi</span> <span class='ocrx_word' id='word_1_723' title='bbox 323 3825 369 3876; x_wconf 90' lang='lat' dir='ltr'>per</span> <span class='ocrx_word' id='word_1_724' title='bbox 387 3805 579 3875; x_wconf 85' lang='lat' dir='ltr'>Imperatorem</span> <span class='ocrx_word' id='word_1_725' title='bbox 597 3807 738 3868; x_wconf 87' lang='lat' dir='ltr'>Zenonem</span> <span class='ocrx_word' id='word_1_726' title='bbox 764 3825 781 3864; x_wconf 89' lang='lat' dir='ltr'>a</span> <span class='ocrx_word' id='word_1_727' title='bbox 808 3806 942 3866; x_wconf 89' lang='lat' dir='ltr'>locatione</span> <span class='ocrx_word' id='word_1_728' title='bbox 971 3811 1053 3870; x_wconf 87' lang='lat' dir='ltr'>modo</span> <span class='ocrx_word' id='word_1_729' title='bbox 1072 3808 1175 3868; x_wconf 86' lang='lat' dir='ltr'>habeat·</span> <span class='ocrx_word' id='word_1_730' title='bbox 1187 3803 1374 3878; x_wconf 87' lang='lat' dir='ltr'>probationem</span> <span class='ocrx_word' id='word_1_731' title='bbox 1392 3801 1410 3860; x_wconf 92' lang='lat' dir='ltr'>l.</span> <span class='ocrx_word' id='word_1_732' title='bbox 1427 3799 1592 3861; x_wconf 73' lang='lat' dir='ltr'>contrabitur</span> <span class='ocrx_word' id='word_1_733' title='bbox 1617 3797 1646 3868; x_wconf 77' lang='lat' dir='ltr'>l.</span> <span class='ocrx_word' id='word_1_734' title='bbox 1673 3820 1701 3856; x_wconf 87' lang='lat' dir='ltr'>rrr</span> <span class='ocrx_word' id='word_1_735' title='bbox 1720 3797 1779 3870; x_wconf 80' lang='lat' dir='ltr'>fier</span> 
     </span>
    </p>
   </div>
   <div class='ocr_carea' id='block_1_5' title="bbox 134 3867 1778 4010">
    <p class='ocr_par' dir='ltr' id='par_1_5' title="bbox 134 3867 1778 4010">
     <span class='ocr_line' id='line_1_53' title="bbox 134 3867 1778 4010; baseline -0.003 -79"><span class='ocrx_word' id='word_1_736' title='bbox 134 3873 252 3934; x_wconf 88' lang='lat' dir='ltr'>necdum</span> <span class='ocrx_word' id='word_1_737' title='bbox 268 3890 408 3950; x_wconf 84' lang='lat' dir='ltr'>separata,</span> <span class='ocrx_word' id='word_1_738' title='bbox 434 3875 639 3938; x_wconf 73' lang='lat' dir='ltr'>iurisconsultus</span> <span class='ocrx_word' id='word_1_739' title='bbox 665 3879 813 3962; x_wconf 81' lang='lat' dir='ltr'>promiscue</span> <span class='ocrx_word' id='word_1_740' title='bbox 839 3877 941 3936; x_wconf 88' lang='lat' dir='ltr'>condu-</span> <span class='ocrx_word' id='word_1_741' title='bbox 969 3877 1052 4010; x_wconf 38' lang='grc' dir='ltr'><strong>ἕλιξι</strong></span> <span class='ocrx_word' id='word_1_742' title='bbox 1069 3884 1140 3953; x_wconf 67' lang='lat' dir='ltr'>pigra</span> <span class='ocrx_word' id='word_1_743' title='bbox 1156 3875 1189 3938; x_wconf 72' lang='lat' dir='ltr'>lo·</span> <span class='ocrx_word' id='word_1_744' title='bbox 1207 3877 1274 4004; x_wconf 56' lang='lat' dir='ltr'>bypt.</span> <span class='ocrx_word' id='word_1_745' title='bbox 1291 3874 1309 3942; x_wconf 88' lang='lat' dir='ltr'>l.</span> <span class='ocrx_word' id='word_1_746' title='bbox 1321 3877 1349 3930; x_wconf 86' lang='lat' dir='ltr'>iii</span> <span class='ocrx_word' id='word_1_747' title='bbox 1367 3871 1429 3942; x_wconf 74' lang='lat' dir='ltr'>rel.</span> <span class='ocrx_word' id='word_1_748' title='bbox 1446 3867 1479 3942; x_wconf 57' lang='grc' dir='ltr'>[ᾖ</span> <span class='ocrx_word' id='word_1_749' title='bbox 1494 3869 1525 3926; x_wconf 76' lang='lat' dir='ltr'>dc</span> <span class='ocrx_word' id='word_1_750' title='bbox 1540 3869 1591 3940; x_wconf 78' lang='lat' dir='ltr'>fic</span> <span class='ocrx_word' id='word_1_751' title='bbox 1610 3873 1778 3926; x_wconf 75' lang='lat' dir='ltr'>instrument.</span> 
     </span>
    </p>
   </div>
   <div class='ocr_carea' id='block_1_6' title="bbox 127 3937 1820 4872">
    <p class='ocr_par' dir='ltr' id='par_1_6' title="bbox 127 3937 1820 4872">
     <span class='ocr_line' id='line_1_54' title="bbox 132 3937 1781 4018; baseline -0.005 -15"><span class='ocrx_word' id='word_1_752' title='bbox 132 3947 226 4003; x_wconf 87' lang='lat' dir='ltr'>ctione</span> <span class='ocrx_word' id='word_1_753' title='bbox 244 3950 271 4006; x_wconf 75' lang='lat' dir='ltr'>o</span> <span class='ocrx_word' id='word_1_754' title='bbox 290 3947 368 4017; x_wconf 91' lang='lat' dir='ltr'>emph</span> <span class='ocrx_word' id='word_1_755' title='bbox 391 3949 457 4006; x_wconf 86' lang='lat' dir='ltr'>tensi</span> <span class='ocrx_word' id='word_1_756' title='bbox 485 3969 546 4008; x_wconf 73' lang='lat' dir='ltr'>uror</span> <span class='ocrx_word' id='word_1_757' title='bbox 571 3967 640 4018; x_wconf 80' lang='lat' dir='ltr'>esse,</span> <span class='ocrx_word' id='word_1_758' title='bbox 668 3946 729 4005; x_wconf 90' lang='lat' dir='ltr'>illos</span> <span class='ocrx_word' id='word_1_759' title='bbox 755 3945 870 4017; x_wconf 86' lang='lat' dir='ltr'>saltem,</span> <span class='ocrx_word' id='word_1_760' title='bbox 897 3950 942 4016; x_wconf 86' lang='lat' dir='ltr'>qui</span> <span class='ocrx_word' id='word_1_761' title='bbox 1034 3949 1151 4008; x_wconf 86' lang='lat' dir='ltr'>clantios</span> <span class='ocrx_word' id='word_1_762' title='bbox 1162 3949 1231 4006; x_wconf 83' lang='lat' dir='ltr'>-Curi</span> <span class='ocrx_word' id='word_1_763' title='bbox 1270 3941 1410 4014; x_wconf 77' lang='lat' dir='ltr'>llltrur&#39;ell.</span> <span class='ocrx_word' id='word_1_764' title='bbox 1428 3942 1481 3997; x_wconf 76' lang='lat' dir='ltr'>dcc.</span> <span class='ocrx_word' id='word_1_765' title='bbox 1500 3937 1781 4010; x_wconf 74' lang='lat' dir='ltr'>24.Ant.Matthnis</span> 
     </span>
     <span class='ocr_line' id='line_1_55' title="bbox 132 3968 1779 4098; baseline -0.004 -25"><span class='ocrx_word' id='word_1_766' title='bbox 132 4013 331 4087; x_wconf 88' lang='lat' dir='ltr'>emphyteusim</span> <span class='ocrx_word' id='word_1_767' title='bbox 350 3968 390 4075; x_wconf 82' lang='lat' dir='ltr'>ari</span> <span class='ocrx_word' id='word_1_768' title='bbox 410 4017 575 4080; x_wconf 85' lang='lat' dir='ltr'>locationem</span> <span class='ocrx_word' id='word_1_769' title='bbox 601 4015 775 4090; x_wconf 86' lang='lat' dir='ltr'>maluerant,</span> <span class='ocrx_word' id='word_1_770' title='bbox 802 4033 882 4088; x_wconf 86' lang='lat' dir='ltr'>quam</span> <span class='ocrx_word' id='word_1_771' title='bbox 908 4016 942 4074; x_wconf 86' lang='lat' dir='ltr'>ad</span> <span class='ocrx_word' id='word_1_772' title='bbox 971 4021 1002 4078; x_wconf 85' lang='lat' dir='ltr'>dr</span> <span class='ocrx_word' id='word_1_773' title='bbox 1020 4019 1095 4094; x_wconf 80' lang='lat' dir='ltr'>cllig.</span> <span class='ocrx_word' id='word_1_774' title='bbox 1113 4015 1209 4087; x_wconf 79' lang='lat' dir='ltr'>disput.</span> <span class='ocrx_word' id='word_1_775' title='bbox 1227 4032 1362 4098; x_wconf 59' lang='lat' dir='ltr'>annum.</span> <span class='ocrx_word' id='word_1_776' title='bbox 1381 4028 1406 4070; x_wconf 85' lang='lat' dir='ltr'>a.</span> <span class='ocrx_word' id='word_1_777' title='bbox 1426 4011 1607 4095; x_wconf 38' lang='grc' dir='ltr'>(ὶιιιίηειιιιειιεΙ</span> <span class='ocrx_word' id='word_1_778' title='bbox 1628 4010 1734 4096; x_wconf 65' lang='grc' dir='ltr'>νείκει.ι</span> <span class='ocrx_word' id='word_1_779' title='bbox 1753 4002 1779 4065; x_wconf 80' lang='lat'>3.</span> 
     </span>
     <span class='ocr_line' id='line_1_56' title="bbox 132 4075 1782 4155; baseline 0 -19"><span class='ocrx_word' id='word_1_780' title='bbox 132 4087 280 4146; x_wconf 69' lang='lat' dir='ltr'>pensionem</span> <span class='ocrx_word' id='word_1_781' title='bbox 298 4083 413 4146; x_wconf 67' lang='lat' dir='ltr'>referre,</span> <span class='ocrx_word' id='word_1_782' title='bbox 860 4141 865 4148; x_wconf 66' lang='grc'><strong>,</strong></span> <span class='ocrx_word' id='word_1_783' title='bbox 971 4091 1048 4146; x_wconf 57' lang='lat' dir='ltr'>decis,</span> <span class='ocrx_word' id='word_1_784' title='bbox 1071 4106 1099 4146; x_wconf 90' lang='lat' dir='ltr'>ii</span> <span class='ocrx_word' id='word_1_785' title='bbox 1124 4107 1176 4144; x_wconf 85' lang='lat' dir='ltr'>.rr.</span> <span class='ocrx_word' id='word_1_786' title='bbox 1195 4085 1222 4144; x_wconf 88' lang='lat'>5.</span> <span class='ocrx_word' id='word_1_787' title='bbox 1241 4083 1359 4140; x_wconf 75' lang='lat' dir='ltr'>Vannius</span> <span class='ocrx_word' id='word_1_788' title='bbox 1377 4081 1417 4137; x_wconf 84' lang='lat' dir='ltr'>ad</span> <span class='ocrx_word' id='word_1_789' title='bbox 1429 4075 1455 4155; x_wconf 60' lang='grc' dir='ltr'>ᾗ.</span> <span class='ocrx_word' id='word_1_790' title='bbox 1484 4093 1509 4136; x_wconf 76' lang='lat'>0.</span> <span class='ocrx_word' id='word_1_791' title='bbox 1526 4081 1628 4154; x_wconf 84' lang='lat' dir='ltr'>¹Iiiitir.</span> <span class='ocrx_word' id='word_1_792' title='bbox 1656 4079 1782 4138; x_wconf 73' lang='lat' dir='ltr'>locutione</span> 
     </span>
     <span class='ocr_line' id='line_1_57' title="bbox 138 4101 1780 4236; baseline 0.001 -24"><span class='ocrx_word' id='word_1_793' title='bbox 138 4217 141 4222; x_wconf 68' lang='grc'><strong>,</strong></span> <span class='ocrx_word' id='word_1_794' title='bbox 168 4153 196 4212; x_wconf 79' lang='grc' dir='ltr'>ὅ.</span> <span class='ocrx_word' id='word_1_795' title='bbox 214 4155 365 4215; x_wconf 85' lang='lat' dir='ltr'>Occasione</span> <span class='ocrx_word' id='word_1_796' title='bbox 382 4154 462 4228; x_wconf 79' lang='lat' dir='ltr'>huius</span> <span class='ocrx_word' id='word_1_797' title='bbox 479 4161 595 4219; x_wconf 86' lang='lat' dir='ltr'>actionis</span> <span class='ocrx_word' id='word_1_798' title='bbox 612 4165 642 4218; x_wconf 92' lang='lat' dir='ltr'>in</span> <span class='ocrx_word' id='word_1_799' title='bbox 661 4175 719 4216; x_wconf 89' lang='lat' dir='ltr'>rem</span> <span class='ocrx_word' id='word_1_800' title='bbox 741 4157 776 4218; x_wconf 87' lang='lat' dir='ltr'>dc</span> <span class='ocrx_word' id='word_1_801' title='bbox 802 4173 869 4229; x_wconf 80' lang='lat' dir='ltr'>agro</span> <span class='ocrx_word' id='word_1_802' title='bbox 896 4175 942 4214; x_wconf 88' lang='lat' dir='ltr'>vc-</span> <span class='ocrx_word' id='word_1_803' title='bbox 972 4179 1047 4217; x_wconf 82' lang='lat' dir='ltr'>num.</span> <span class='ocrx_word' id='word_1_804' title='bbox 1064 4101 1211 4216; x_wconf 66' lang='lat' dir='ltr'>di&#39;arcns</span> <span class='ocrx_word' id='word_1_805' title='bbox 1226 4171 1253 4226; x_wconf 87' lang='lat' dir='ltr'>p.</span> <span class='ocrx_word' id='word_1_806' title='bbox 1270 4171 1306 4210; x_wconf 84' lang='lat' dir='ltr'>m.</span> <span class='ocrx_word' id='word_1_807' title='bbox 1326 4151 1423 4212; x_wconf 87' lang='lat' dir='ltr'>Paulus</span> <span class='ocrx_word' id='word_1_808' title='bbox 1441 4149 1513 4236; x_wconf 67' lang='lat' dir='ltr'>Voet</span> <span class='ocrx_word' id='word_1_809' title='bbox 1532 4149 1611 4206; x_wconf 79' lang='lat' dir='ltr'>add·</span> <span class='ocrx_word' id='word_1_810' title='bbox 1629 4139 1656 4222; x_wconf 66' lang='lat' dir='ltr'>i</span> <span class='ocrx_word' id='word_1_811' title='bbox 1666 4145 1692 4204; x_wconf 88' lang='lat'><strong>5</strong></span> <span class='ocrx_word' id='word_1_812' title='bbox 1703 4171 1780 4208; x_wconf 70' lang='lat' dir='ltr'>rure.</span> 
     </span>
     <span class='ocr_line' id='line_1_58' title="bbox 130 4217 1788 4307; baseline 0 -24"><span class='ocrx_word' id='word_1_813' title='bbox 130 4225 227 4302; x_wconf 86' lang='lat' dir='ltr'>ctigali</span> <span class='ocrx_word' id='word_1_814' title='bbox 243 4228 423 4287; x_wconf 88' lang='lat' dir='ltr'>subnectenda</span> <span class='ocrx_word' id='word_1_815' title='bbox 442 4230 548 4302; x_wconf 82' lang='lat' dir='ltr'>plenior</span> <span class='ocrx_word' id='word_1_816' title='bbox 571 4227 648 4302; x_wconf 89' lang='lat' dir='ltr'>emph</span> <span class='ocrx_word' id='word_1_817' title='bbox 670 4229 769 4290; x_wconf 90' lang='lat' dir='ltr'>teosios</span> <span class='ocrx_word' id='word_1_818' title='bbox 796 4231 942 4307; x_wconf 84' lang='lat' dir='ltr'>tractatio,</span> <span class='ocrx_word' id='word_1_819' title='bbox 976 4248 998 4286; x_wconf 88' lang='lat' dir='ltr'>i.</span> <span class='ocrx_word' id='word_1_820' title='bbox 1016 4247 1085 4287; x_wconf 88' lang='lat' dir='ltr'>vers.</span> <span class='ocrx_word' id='word_1_821' title='bbox 1102 4245 1139 4286; x_wconf 81' lang='lat' dir='ltr'>ari</span> <span class='ocrx_word' id='word_1_822' title='bbox 1157 4221 1300 4295; x_wconf 65' lang='lat' dir='ltr'>comenia,</span> <span class='ocrx_word' id='word_1_823' title='bbox 1318 4217 1399 4296; x_wconf 84' lang='lat' dir='ltr'>Hugo</span> <span class='ocrx_word' id='word_1_824' title='bbox 1417 4219 1531 4280; x_wconf 89' lang='lat' dir='ltr'>Grotius</span> <span class='ocrx_word' id='word_1_825' title='bbox 1557 4218 1715 4277; x_wconf 75' lang='lat' dir='ltr'>manuduli.</span> <span class='ocrx_word' id='word_1_826' title='bbox 1743 4220 1788 4274; x_wconf 78' lang='lat' dir='ltr'>nd</span> 
     </span>
     <span class='ocr_line' id='line_1_59' title="bbox 130 4247 1780 4376; baseline -0.003 -23"><span class='ocrx_word' id='word_1_827' title='bbox 130 4311 265 4371; x_wconf 88' lang='lat' dir='ltr'>tanquam</span> <span class='ocrx_word' id='word_1_828' title='bbox 283 4295 348 4369; x_wconf 74' lang='lat' dir='ltr'>juris</span> <span class='ocrx_word' id='word_1_829' title='bbox 359 4300 386 4355; x_wconf 92' lang='lat' dir='ltr'>in</span> <span class='ocrx_word' id='word_1_830' title='bbox 399 4318 444 4358; x_wconf 88' lang='lat' dir='ltr'>re:</span> <span class='ocrx_word' id='word_1_831' title='bbox 461 4319 542 4374; x_wconf 83' lang='lat' dir='ltr'>quam</span> <span class='ocrx_word' id='word_1_832' title='bbox 561 4300 610 4358; x_wconf 91' lang='lat' dir='ltr'>alii</span> <span class='ocrx_word' id='word_1_833' title='bbox 628 4247 943 4374; x_wconf 69' lang='lat' dir='ltr'>simpronianum</span> <span class='ocrx_word' id='word_1_834' title='bbox 969 4295 1118 4370; x_wconf 81' lang='lat' dir='ltr'>jurisprud.</span> <span class='ocrx_word' id='word_1_835' title='bbox 1138 4295 1210 4352; x_wconf 85' lang='lat' dir='ltr'>Hull.</span> <span class='ocrx_word' id='word_1_836' title='bbox 1229 4291 1273 4351; x_wconf 87' lang='lat' dir='ltr'>lib.</span> <span class='ocrx_word' id='word_1_837' title='bbox 1292 4309 1392 4376; x_wconf 50' lang='lat' dir='ltr'>aucep.</span> <span class='ocrx_word' id='word_1_838' title='bbox 1411 4289 1455 4361; x_wconf 77' lang='lat' dir='ltr'>lo.</span> <span class='ocrx_word' id='word_1_839' title='bbox 1474 4310 1548 4348; x_wconf 81' lang='lat' dir='ltr'>narn.</span> <span class='ocrx_word' id='word_1_840' title='bbox 1571 4291 1613 4348; x_wconf 85' lang='lat'>16.</span> <span class='ocrx_word' id='word_1_841' title='bbox 1637 4305 1677 4362; x_wconf 86' lang='lat'>17.</span> <span class='ocrx_word' id='word_1_842' title='bbox 1688 4308 1780 4361; x_wconf 86' lang='lat' dir='ltr'>perpe·</span> 
     </span>
     <span class='ocr_line' id='line_1_60' title="bbox 132 4359 1781 4442; baseline -0.004 -18"><span class='ocrx_word' id='word_1_843' title='bbox 132 4359 268 4428; x_wconf 87' lang='lat' dir='ltr'>locatione</span> <span class='ocrx_word' id='word_1_844' title='bbox 285 4363 450 4428; x_wconf 83' lang='lat' dir='ltr'>affinitatem</span> <span class='ocrx_word' id='word_1_845' title='bbox 465 4381 561 4442; x_wconf 89' lang='lat' dir='ltr'>putant</span> <span class='ocrx_word' id='word_1_846' title='bbox 579 4373 609 4426; x_wconf 88' lang='lat' dir='ltr'>in</span> <span class='ocrx_word' id='word_1_847' title='bbox 627 4367 737 4427; x_wconf 89' lang='lat' dir='ltr'>titulum</span> <span class='ocrx_word' id='word_1_848' title='bbox 763 4367 843 4424; x_wconf 75' lang='lat' dir='ltr'>hecti</span> <span class='ocrx_word' id='word_1_849' title='bbox 858 4367 943 4433; x_wconf 77' lang='lat' dir='ltr'>comi·</span> <span class='ocrx_word' id='word_1_850' title='bbox 972 4388 1030 4426; x_wconf 83' lang='lat' dir='ltr'>ram</span> <span class='ocrx_word' id='word_1_851' title='bbox 1049 4379 1157 4425; x_wconf 87' lang='lat' dir='ltr'>notatus</span> <span class='ocrx_word' id='word_1_852' title='bbox 1173 4363 1210 4422; x_wconf 90' lang='lat' dir='ltr'>ob</span> <span class='ocrx_word' id='word_1_853' title='bbox 1228 4365 1255 4422; x_wconf 91' lang='lat' dir='ltr'>id</span> <span class='ocrx_word' id='word_1_854' title='bbox 1273 4380 1288 4419; x_wconf 88' lang='lat' dir='ltr'>a</span> <span class='ocrx_word' id='word_1_855' title='bbox 1307 4359 1375 4418; x_wconf 76' lang='lat' dir='ltr'>him</span> <span class='ocrx_word' id='word_1_856' title='bbox 1404 4380 1457 4418; x_wconf 88' lang='lat' dir='ltr'>van</span> <span class='ocrx_word' id='word_1_857' title='bbox 1484 4359 1643 4432; x_wconf 79' lang='lat' dir='ltr'>Lceuiiuen,</span> <span class='ocrx_word' id='word_1_858' title='bbox 1667 4377 1781 4418; x_wconf 89' lang='lat' dir='ltr'>conten-</span> 
     </span>
     <span class='ocr_line' id='line_1_61' title="bbox 131 4427 1781 4516; baseline -0.006 -22"><span class='ocrx_word' id='word_1_859' title='bbox 131 4439 277 4512; x_wconf 75' lang='lat' dir='ltr'>dendum,</span> <span class='ocrx_word' id='word_1_860' title='bbox 304 4451 369 4498; x_wconf 87' lang='lat' dir='ltr'>tunc</span> <span class='ocrx_word' id='word_1_861' title='bbox 387 4457 447 4499; x_wconf 88' lang='lat' dir='ltr'>eam</span> <span class='ocrx_word' id='word_1_862' title='bbox 465 4457 496 4501; x_wconf 90' lang='lat' dir='ltr'>ot</span> <span class='ocrx_word' id='word_1_863' title='bbox 526 4453 699 4498; x_wconf 88' lang='lat' dir='ltr'>contractum</span> <span class='ocrx_word' id='word_1_864' title='bbox 725 4438 940 4496; x_wconf 85' lang='lat' dir='ltr'>considerantes.</span> <span class='ocrx_word' id='word_1_865' title='bbox 971 4439 1050 4498; x_wconf 86' lang='lat' dir='ltr'>dente</span> <span class='ocrx_word' id='word_1_866' title='bbox 1069 4441 1097 4494; x_wconf 85' lang='lat' dir='ltr'>iri</span> <span class='ocrx_word' id='word_1_867' title='bbox 1113 4431 1270 4502; x_wconf 74' lang='lat' dir='ltr'>crniurfcr.</span> <span class='ocrx_word' id='word_1_868' title='bbox 1287 4449 1357 4503; x_wconf 83' lang='lat' dir='ltr'>part.</span> <span class='ocrx_word' id='word_1_869' title='bbox 1381 4451 1402 4490; x_wconf 92' lang='lat' dir='ltr'>i.</span> <span class='ocrx_word' id='word_1_870' title='bbox 1421 4431 1466 4490; x_wconf 86' lang='lat' dir='ltr'>lib.</span> <span class='ocrx_word' id='word_1_871' title='bbox 1494 4448 1520 4488; x_wconf 88' lang='lat'>2.</span> <span class='ocrx_word' id='word_1_872' title='bbox 1548 4427 1676 4516; x_wconf 56' lang='lat' dir='ltr'>cantii.</span> <span class='ocrx_word' id='word_1_873' title='bbox 1705 4450 1781 4486; x_wconf 79' lang='lat' dir='ltr'>nuru.</span> 
     </span>
     <span class='ocr_line' id='line_1_62' title="bbox 130 4501 1781 4585; baseline -0.006 -20"><span class='ocrx_word' id='word_1_874' title='bbox 130 4507 324 4584; x_wconf 71' lang='lat' dir='ltr'>lb&#39;mphyteusis</span> <span class='ocrx_word' id='word_1_875' title='bbox 341 4516 415 4568; x_wconf 88' lang='lat' dir='ltr'>enim</span> <span class='ocrx_word' id='word_1_876' title='bbox 434 4511 476 4569; x_wconf 86' lang='lat' dir='ltr'>vel</span> <span class='ocrx_word' id='word_1_877' title='bbox 503 4512 590 4580; x_wconf 81' lang='lat' dir='ltr'>ipsam</span> <span class='ocrx_word' id='word_1_878' title='bbox 613 4529 672 4568; x_wconf 88' lang='lat' dir='ltr'>rem</span> <span class='ocrx_word' id='word_1_879' title='bbox 698 4511 726 4564; x_wconf 90' lang='lat' dir='ltr'>ln</span> <span class='ocrx_word' id='word_1_880' title='bbox 752 4504 941 4579; x_wconf 81' lang='lat' dir='ltr'>emphyteosin</span> <span class='ocrx_word' id='word_1_881' title='bbox 972 4505 1014 4564; x_wconf 77' lang='lat'>23.</span> <span class='ocrx_word' id='word_1_882' title='bbox 1031 4510 1190 4585; x_wconf 79' lang='lat' dir='ltr'>scripturam</span> <span class='ocrx_word' id='word_1_883' title='bbox 1207 4503 1288 4562; x_wconf 90' lang='lat' dir='ltr'>hodie</span> <span class='ocrx_word' id='word_1_884' title='bbox 1305 4501 1402 4560; x_wconf 88' lang='lat' dir='ltr'>saltem</span> <span class='ocrx_word' id='word_1_885' title='bbox 1419 4516 1679 4585; x_wconf 73' lang='lat' dir='ltr'>esseneccssariam,</span> <span class='ocrx_word' id='word_1_886' title='bbox 1695 4517 1781 4571; x_wconf 86' lang='lat' dir='ltr'>quan-</span> 
     </span>
     <span class='ocr_line' id='line_1_63' title="bbox 131 4571 1820 4656; baseline -0.007 -20"><span class='ocrx_word' id='word_1_887' title='bbox 131 4581 225 4639; x_wconf 86' lang='lat' dir='ltr'>datam</span> <span class='ocrx_word' id='word_1_888' title='bbox 242 4583 375 4653; x_wconf 85' lang='lat' dir='ltr'>denotat,</span> <span class='ocrx_word' id='word_1_889' title='bbox 393 4579 436 4642; x_wconf 88' lang='lat' dir='ltr'>vel</span> <span class='ocrx_word' id='word_1_890' title='bbox 455 4594 628 4640; x_wconf 87' lang='lat' dir='ltr'>contractum</span> <span class='ocrx_word' id='word_1_891' title='bbox 653 4577 942 4652; x_wconf 84' lang='lat' dir='ltr'>emphyteuticarium,</span> <span class='ocrx_word' id='word_1_892' title='bbox 970 4593 1029 4637; x_wconf 89' lang='lat' dir='ltr'>tuni</span> <span class='ocrx_word' id='word_1_893' title='bbox 1047 4577 1151 4636; x_wconf 86' lang='lat' dir='ltr'>nolliun</span> <span class='ocrx_word' id='word_1_894' title='bbox 1170 4591 1210 4644; x_wconf 75' lang='lat' dir='ltr'>itis</span> <span class='ocrx_word' id='word_1_895' title='bbox 1227 4577 1257 4631; x_wconf 93' lang='lat' dir='ltr'>in</span> <span class='ocrx_word' id='word_1_896' title='bbox 1277 4593 1306 4632; x_wconf 91' lang='lat' dir='ltr'>re</span> <span class='ocrx_word' id='word_1_897' title='bbox 1323 4571 1456 4631; x_wconf 88' lang='lat' dir='ltr'>immobili</span> <span class='ocrx_word' id='word_1_898' title='bbox 1474 4585 1605 4630; x_wconf 89' lang='lat' dir='ltr'>constitui</span> <span class='ocrx_word' id='word_1_899' title='bbox 1623 4584 1720 4656; x_wconf 82' lang='lat' dir='ltr'>potest,</span> <span class='ocrx_word' id='word_1_900' title='bbox 1739 4575 1783 4624; x_wconf 87' lang='lat' dir='ltr'>oi-</span> <span class='ocrx_word' id='word_1_901' title='bbox 1815 4593 1820 4600; x_wconf 93' lang='lat'>·</span> 
     </span>
     <span class='ocr_line' id='line_1_64' title="bbox 135 4643 1786 4725; baseline -0.008 -18"><span class='ocrx_word' id='word_1_902' title='bbox 135 4649 180 4707; x_wconf 86' lang='lat' dir='ltr'>vel</span> <span class='ocrx_word' id='word_1_903' title='bbox 199 4654 316 4724; x_wconf 88' lang='lat' dir='ltr'>denique</span> <span class='ocrx_word' id='word_1_904' title='bbox 334 4652 421 4722; x_wconf 87' lang='lat' dir='ltr'>ipsum</span> <span class='ocrx_word' id='word_1_905' title='bbox 439 4647 481 4720; x_wconf 82' lang='lat' dir='ltr'>jus</span> <span class='ocrx_word' id='word_1_906' title='bbox 500 4653 529 4708; x_wconf 91' lang='lat' dir='ltr'>in</span> <span class='ocrx_word' id='word_1_907' title='bbox 547 4670 577 4708; x_wconf 90' lang='lat' dir='ltr'>re</span> <span class='ocrx_word' id='word_1_908' title='bbox 603 4655 793 4708; x_wconf 88' lang='lat' dir='ltr'>constitutum.</span> <span class='ocrx_word' id='word_1_909' title='bbox 822 4643 855 4704; x_wconf 89' lang='lat' dir='ltr'>Si</span> <span class='ocrx_word' id='word_1_910' title='bbox 881 4655 943 4704; x_wconf 86' lang='lat' dir='ltr'>tan·</span> <span class='ocrx_word' id='word_1_911' title='bbox 971 4651 993 4704; x_wconf 91' lang='lat' dir='ltr'>si</span> <span class='ocrx_word' id='word_1_912' title='bbox 1011 4665 1103 4706; x_wconf 88' lang='lat' dir='ltr'>coram</span> <span class='ocrx_word' id='word_1_913' title='bbox 1120 4645 1177 4719; x_wconf 74' lang='lat' dir='ltr'>lege</span> <span class='ocrx_word' id='word_1_914' title='bbox 1193 4645 1265 4714; x_wconf 90' lang='lat' dir='ltr'>loci,</span> <span class='ocrx_word' id='word_1_915' title='bbox 1282 4643 1317 4702; x_wconf 89' lang='lat' dir='ltr'>de</span> <span class='ocrx_word' id='word_1_916' title='bbox 1333 4661 1369 4702; x_wconf 85' lang='lat' dir='ltr'>ea</span> <span class='ocrx_word' id='word_1_917' title='bbox 1383 4659 1474 4702; x_wconf 88' lang='lat' dir='ltr'>autem</span> <span class='ocrx_word' id='word_1_918' title='bbox 1491 4647 1692 4725; x_wconf 43' lang='lat' dir='ltr'>constitutione·</span> <span class='ocrx_word' id='word_1_919' title='bbox 1718 4659 1786 4696; x_wconf 82' lang='lat' dir='ltr'>scri-</span> 
     </span>
     <span class='ocr_line' id='line_1_65' title="bbox 129 4707 1784 4820; baseline -0.01 -39"><span class='ocrx_word' id='word_1_920' title='bbox 129 4739 213 4792; x_wconf 88' lang='lat' dir='ltr'>quam</span> <span class='ocrx_word' id='word_1_921' title='bbox 230 4734 388 4782; x_wconf 87' lang='lat' dir='ltr'>contractus</span> <span class='ocrx_word' id='word_1_922' title='bbox 399 4724 593 4791; x_wconf 85' lang='lat' dir='ltr'>consideretur,</span> <span class='ocrx_word' id='word_1_923' title='bbox 602 4721 742 4778; x_wconf 87' lang='lat' dir='ltr'>commode</span> <span class='ocrx_word' id='word_1_924' title='bbox 758 4715 873 4779; x_wconf 85' lang='lat' dir='ltr'>describi</span> <span class='ocrx_word' id='word_1_925' title='bbox 883 4730 957 4820; x_wconf 75' lang='lat' dir='ltr'>pot·¹</span> <span class='ocrx_word' id='word_1_926' title='bbox 971 4732 1078 4788; x_wconf 90' lang='lat' dir='ltr'>proram</span> <span class='ocrx_word' id='word_1_927' title='bbox 1105 4715 1179 4773; x_wconf 85' lang='lat' dir='ltr'>heri.</span> <span class='ocrx_word' id='word_1_928' title='bbox 1197 4711 1381 4800; x_wconf 30' lang='lat' dir='ltr'>Quiduenim,</span> <span class='ocrx_word' id='word_1_929' title='bbox 1399 4711 1524 4800; x_wconf 68' lang='lat' dir='ltr'>obsecro,</span> <span class='ocrx_word' id='word_1_930' title='bbox 1541 4707 1693 4792; x_wconf 66' lang='lat' dir='ltr'>constatior</span> <span class='ocrx_word' id='word_1_931' title='bbox 1708 4727 1784 4797; x_wconf 74' lang='lat' dir='ltr'>com-</span> 
     </span>
     <span class='ocr_line' id='line_1_66' title="bbox 127 4781 1787 4872; baseline -0.013 -14"><span class='ocrx_word' id='word_1_932' title='bbox 127 4806 187 4872; x_wconf 78' lang='lat' dir='ltr'>sit,</span> <span class='ocrx_word' id='word_1_933' title='bbox 210 4795 284 4869; x_wconf 83' lang='lat' dir='ltr'>quod</span> <span class='ocrx_word' id='word_1_934' title='bbox 299 4799 335 4854; x_wconf 89' lang='lat' dir='ltr'>sit</span> <span class='ocrx_word' id='word_1_935' title='bbox 352 4806 509 4858; x_wconf 86' lang='lat' dir='ltr'>contractos</span> <span class='ocrx_word' id='word_1_936' title='bbox 526 4791 592 4870; x_wconf 83' lang='lat' dir='ltr'>juris</span> <span class='ocrx_word' id='word_1_937' title='bbox 607 4795 746 4868; x_wconf 84' lang='lat' dir='ltr'>gentium,</span> <span class='ocrx_word' id='word_1_938' title='bbox 764 4787 839 4850; x_wconf 77' lang='lat' dir='ltr'>bone</span> <span class='ocrx_word' id='word_1_939' title='bbox 856 4785 943 4861; x_wconf 78' lang='lat' dir='ltr'>hilei,</span> <span class='ocrx_word' id='word_1_940' title='bbox 971 4807 1055 4850; x_wconf 88' lang='lat' dir='ltr'>mune</span> <span class='ocrx_word' id='word_1_941' title='bbox 1081 4803 1142 4848; x_wconf 84' lang='lat' dir='ltr'>cum</span> <span class='ocrx_word' id='word_1_942' title='bbox 1160 4783 1339 4846; x_wconf 85' lang='lat' dir='ltr'>translatione</span> <span class='ocrx_word' id='word_1_943' title='bbox 1357 4800 1420 4856; x_wconf 81' lang='lat' dir='ltr'>puis</span> <span class='ocrx_word' id='word_1_944' title='bbox 1438 4803 1468 4842; x_wconf 87' lang='lat' dir='ltr'>iu</span> <span class='ocrx_word' id='word_1_945' title='bbox 1494 4781 1543 4842; x_wconf 89' lang='lat' dir='ltr'>re?</span> <span class='ocrx_word' id='word_1_946' title='bbox 1569 4792 1651 4842; x_wconf 87' lang='lat' dir='ltr'>etiam</span> <span class='ocrx_word' id='word_1_947' title='bbox 1677 4799 1716 4840; x_wconf 87' lang='lat' dir='ltr'>rei</span> <span class='ocrx_word' id='word_1_948' title='bbox 1734 4799 1787 4838; x_wconf 80' lang='lat' dir='ltr'>ina·-</span> 
     </span>
    </p>
   </div>
   <div class='ocr_carea' id='block_1_7' title="bbox 0 0 2016 5352">
    <p class='ocr_par' dir='ltr' id='par_1_7' title="bbox 0 0 2016 5352">
     <span class='ocr_line' id='line_1_67' title="bbox 0 0 2016 5352; baseline 0 7"><span class='ocrx_word' id='word_1_949' title='bbox 0 0 2016 5352; x_wconf 95' lang='lat' dir='ltr'> </span> 
     </span>
    </p>
   </div>
  </div>
 </body>
</html>
