4022 5354
200 329 204 336 ,
320 347 325 352 ¹
697 265 750 362 De
767 265 859 336 rebus
874 273 1021 362 creditit,
1048 275 1080 338 ti
1096 275 1220 343 certum
1245 273 1305 346 irc.
1343 347 1346 356 ,
1736 283 1780 360 ¹7

154 353 291 433 uenerit
328 373 375 420 teu
402 351 540 418 noune
556 357 593 418 sit
613 373 615 378 ·
636 359 688 420 cibi
712 373 885 422 sumemus
900 384 973 436 esse,
1001 368 1053 424 nie
1071 377 1194 440 exceptio
1212 365 1393 440 privilegiata,
1411 379 1467 434 que
1486 363 1562 422 intra
1577 355 1721 424 biennium
1738 377 1822 433 orr0·

155 436 241 496 ml.
266 397 324 490 rib
343 445 399 501 cap.
419 436 523 501 insuper
539 431 573 487 do
591 400 636 492 foc
653 431 679 490 5.
707 433 741 496 fri
758 439 784 491 ti.
802 448 849 494 aut
867 435 972 494 confes·
1002 441 1053 498 sita
1071 460 1140 498 onus
1150 441 1282 510 probandi
1299 437 1710 508 anticipienteavertebatstc
1728 444 1819 490 ΠΜ·

154 509 196 564 eio
214 497 287 563 fabia
304 509 339 562 sit
356 515 482 588 exqausa
499 503 686 562 antecedentis
703 505 865 573 debetisrel
882 509 906 563 sl
924 525 975 579 pro
1002 511 1104 572 ferebat
1125 515 1153 569 in
1171 513 1404 581 tuscanecium
1421 509 1528 578 quidem
1546 521 1597 581 est,
1615 511 1700 578 ipsam
1717 521 1822 580 quoque

155 576 335 660 antecedente
354 573 454 658 debito·
466 581 562 660 pigntu
572 592 627 632 non
643 576 748 649 eodem,
766 582 811 636 red
829 577 885 634 alio
904 591 973 637 tem-
1001 583 1058 644 doli
1075 586 1262 654 exceptionem
1278 598 1341 640 cum
1360 599 1416 636 non
1436 594 1581 640 numerate
1600 581 1719 650 pecunie
1737 589 1819 634 exce·

155 665 224 780 gs:
236 658 416 706 consumtum
434 657 490 712 stt,
507 665 604 716 qutppe
620 648 717 716 quibus
734 651 764 704 in
783 650 890 709 casibus
907 669 973 706 con-
1001 658 1094 727 ptione
1110 669 1327 724 concurrentem,
1337 655 1408 710 inter
1427 651 1567 725 biennium
1575 671 1646 724 aeque
1665 646 1820 720 privilegia·

116 768 119 770 ,
226 721 312 790 sipse
329 730 436 782 tenetur
452 719 586 801 probare,
604 723 668 800 sthi·
684 723 826 788 pecuniam
845 735 899 777 non
918 739 973 778 esse
1001 742 1059 784 tarn
1082 724 1205 786 saeuam
1223 743 1297 798 esse,
1315 727 1343 784 dr
1362 721 1496 793 probandi
1525 726 1715 781 necessitatem
1743 720 1772 773 in
1790 731 1821 772 a·

155 805 337 878 numerurm,
354 801 434 858 atque
451 803 492 844 tta
510 807 565 846 non
584 788 794 861 previlegiatam,
802 791 849 848 sed
869 795 973 851 nodum
994 791 1101 856 ‘Einre'm
1120 795 1276 869 rejecissel.
1297 799 1363 851 ries
1380 797 1507 851 cautione
1520 789 1545 850 5.
1557 793 1627 850 ode
1644 809 1696 847 non
1714 807 1819 858 nuncet·

155 867 215 924 sine
233 860 374 934 previlegio
392 857 535 916 habiturus
552 872 592 919 est
610 877 667 916 non
687 875 835 921 numerata
855 864 972 928 pecunia
999 886 1090 939 ρηηη.
1108 885 1171 925 cum
1200 868 1321 940 alioquin
1342 867 1383 934 is,
1400 871 1446 935 qul
1462 866 1556 923 dolum
1575 863 1612 920 ali
1647 877 1686 934 at,
1705 859 1768 918 licet
1787 863 1818 914 in

153 937 358 1004 exceptionem,
387 931 406 1015 13
423 928 549 1014 adgeritis
567 929 594 985 5·
610 930 628 984 f·
643 936 802 1006 genitaliter
834 929 873 990 ¹3·
892 935 920 990 C·
939 937 972 988 de
999 945 1166 1012 exceptione,
1185 941 1278 1000 dolum
1297 935 1446 995 admissum
1463 883 1701 1003 probaredbbeat,
1721 931 1738 986 f·
1757 947 1818 1000 lm·

153 1021 206 1062 non
224 1023 298 1062 num.
316 1015 433 1070 picum
453 1011 546 1085 butu,
564 1017 644 1074 quam
661 1001 818 1075 obtineret,
835 1005 859 1062 si
877 1007 972 1064 eodem
999 1015 1066 1068 rienr
1089 1019 1127 1068 ri.
1155 1005 1180 1086 β.
1199 1013 1243 1082 qui
1270 1009 1327 1064 dolo
1349 1026 1371 1063 r.
1387 1002 1422 1076 ff
1439 1005 1471 1060 de
1487 1006 1630 1075 probatica.
1659 1005 1706 1062 sed
1725 1016 1816 1058 tamen

153 1089 283 1148 tempore,
301 1073 629 1156 eademquescrtptura&
650 1076 846 1132 numerationis
863 1075 971 1136 confes·
999 1087 1027 1142 ει
1047 1101 1138 1140 verum
1159 1079 1220 1152 fnit,
1237 1097 1270 1138 eo
1293 1081 1350 1148 ipso
1371 1095 1455 1145 neque
1473 1078 1595 1134 ablatam
1622 1093 1708 1146 neque
1725 1067 1816 1128 subia-

154 1151 260 1206 sionem
278 1142 403 1213 facitne
426 1155 522 1213 pignus
539 1148 868 1210 constituatstuncenim
886 1147 970 1204 nihil-
1000 1169 1055 1210 tarn
1075 1147 1152 1212 fuisse
1170 1171 1216 1222 per
1233 1148 1433 1219 superadditum
1451 1145 1562 1220 aliquod
1583 1146 1712 1208 biennale
1730 1139 1816 1212 privi-
1841 1179 1845 1187 -

154 1219 264 1278 ominus
281 1214 452 1299 prigilcgiutn
477 1219 629 1340 crefftionl
647 1215 780 1274 coherens
797 1218 903 1276 salvum
919 1233 971 1290 est,
999 1225 1098 1300 legium
1116 1239 1285 1280 communem
1314 1219 1391 1276 illam
1408 1220 1466 1275 sire
1483 1219 1540 1276 doli
1568 1221 1626 1276 sire
1646 1235 1701 1274 non
1721 1228 1815 1269 nume-

153 1291 173 1347 l.
192 1290 217 1345 ri
234 1307 264 1342 ex
278 1305 403 1368 cautione
429 1277 456 1339 3.
475 1284 503 1338 C.
572 1304 624 1340 ηηη
642 1306 717 1341 num.
743 1303 794 1362 pet.
822 1285 897 1359 Quin
923 1295 970 1361 dt,
1000 1310 1062 1352 tate
1082 1293 1405 1364 pecunieexceptionem,
1424 1287 1545 1358 quoiam
1562 1306 1627 1348 ²⁰²0
1646 1283 1817 1357 l’fil‘ss‘iiium

156 1361 181 1420 si
218 1364 258 1416 uls
276 1375 330 1428 pern
357 1355 466 1414 solverit
496 1369 598 1434 partem
624 1354 712 1414 debiti
738 1364 868 1429 scritura
896 1378 971 1416 com·
1000 1367 1066 1423 illud
1084 1381 1150 1422 nota
1168 1378 1237 1434 erat,
1256 1381 1288 1419 ac
1305 1380 1337 1421 ex
1355 1358 1528 1436 generalibus
1548 1355 1609 1428 juris
1629 1353 1818 1433 fundamentis

156 1445 204 1500 pre
240 1435 281 1486 nsi
310 1425 352 1484 vel
379 1441 486 1510 usuras:
501 1440 578 1496 eius,
603 1432 761 1507 exceptione
789 1377 841 1485 hac
858 1429 969 1497 privile-
997 1437 1098 1510 opponi
1116 1449 1230 1506 poterat,
1247 1434 1292 1491 secl
1311 1437 1395 1506 magis
1414 1449 1459 1499 per
1475 1428 1582 1486 biennii
1601 1430 1704 1498 lapsum
1722 1427 1756 1484 ad
1775 1441 1818 1494 ius

155 1507 229 1576 gieta
247 1505 315 1556 tueri
334 1517 389 1554 sese
408 1510 572 1566 nequtt,quo
589 1515 680 1552 mtnus
697 1501 724 1556 dt
744 1498 874 1574 reliquam
891 1503 969 1564 deiu-
999 1525 1150 1578 commune,
1167 1525 1223 1579 quo
1237 1523 1305 1560 onus
1324 1500 1457 1573 probandi
1476 1504 1660 1570 exceptionem
1680 1495 1819 1566 excipien-
1886 1545 1895 1556 ·

157 1591 216 1642 ceps
232 1569 376 1634 exsolvat,
403 1583 464 1621 cum
483 1566 562 1624 tarda
580 1567 661 1646 nimis
687 1569 721 1624 sit
740 1569 774 1628 de
801 1589 856 1627 non
877 1590 970 1630 nume-
999 1594 1053 1634 tem
1089 1589 1176 1648 ravat,
1194 1593 1250 1635 rem
1269 1585 1357 1630 totam
1376 1571 1504 1639 tediosi
1532 1590 1566 1634 ne
1584 1571 1704 1642 alioquin
1723 1565 1818 1623 ereni·
1855 1573 1862 1579 ·

155 1647 221 1700 ratis
237 1644 358 1712 pecuniis
375 1635 483 1708 querela
501 1637 629 1694 adversus
649 1653 701 1704 ram
719 1642 840 1712 agnitam
857 1641 969 1699 solutio
999 1664 1050 1719 ret,
1069 1651 1106 1718 nl,
1124 1646 1195 1721 quod
1215 1655 1242 1702 itt
1261 1641 1374 1714 alicujus
1391 1643 1563 1699 commodum
1580 1660 1611 1698 ac
1631 1639 1754 1697 favorem
1772 1637 1818 1691 in-

155 1721 190 1770 ite
207 1713 472 1779 rectionemrelatis
487 1705 568 1776 fidem
585 1705 650 1792 rifi}
669 1706 701 1762 dr
718 1712 860 1768 nrn'trum.
878 1729 968 1781 utun.
999 1733 1110 1776 eentum
1129 1732 1188 1788 est,
1207 1721 1327 1788 torqueri
1351 1715 1382 1770 in
1402 1713 1482 1780 ipsius
1500 1713 1689 1782 dispendium,
1720 1719 1817 1764 contra

92 1797 101 1808 ¹
156 1781 284 1852 Idemque
301 1792 353 1847 est,
362 1785 384 1836 si
402 1797 481 1848 supet
499 1797 530 1836 ea
549 1796 736 1850 neronemque
754 1779 895 1840 dicebatur
914 1803 969 1840 non
999 1786 1157 1846 manifestas
1185 1787 1275 1856 lesum
1294 1784 1398 1859 regulas
1426 1785 1574 1854 propositas
1592 1786 1620 1839 in
1640 1783 1658 1838 t'.
1686 1775 1757 1852 quid
1783 1795 1815 1830 θ’
1846 1793 1862 1800 “

156 1873 214 1912 esse
231 1862 383 1917 numerata,
401 1847 550 1906 transabiio
569 1844 640 1906 sabia
658 1849 704 1920 sit,
713 1867 745 1907 ac
763 1867 854 1920 postea
874 1857 906 1926 is,
924 1859 968 1928 qai
998 1875 1057 1918 nort
1073 1860 1100 1918 6.
1121 1859 1148 1914 C.
1166 1857 1198 1913 de
1210 1845 1323 1932 iegibus,
1334 1857 1352 1912 l.
1372 1854 1449 1910 nulla
1463 1855 1537 1925 juris
1555 1849 1600 1908 ai.
1613 1848 1651 1923 ff·
1662 1849 1694 1906 de
1712 1851 1759 1922 igi
1777 1867 1818 1916 “ss

156 1921 349 1982 tnnnuionic
375 1937 455 1978 causa
473 1919 539 1991 quid
556 1918 632 1977 dedit
660 1925 831 1997 promisisse,
848 1927 970 1994 excipere
999 1933 1017 1989 l.
1037 1931 1086 1988 ult.
1105 1931 1133 1985 in
1161 1927 1228 1985 med.
1248 1929 1275 1984 C.
1304 1926 1485 1996 depresseritis
1513 1927 1649 1998 agentium
1666 1926 1696 1979 in
1723 1915 1820 1988 rebus,

157 1995 258 2067 vellet,
285 1991 352 2048 illud
371 2009 449 2062 super
466 2009 521 2061 quo
548 1988 712 2048 nanuum
731 1989 803 2064 fuit,
833 2013 969 2067 nunquam
998 2000 1157 2072 satagenti
1184 2015 1218 2056 ex
1247 1993 1447 2070 chirographo,
1475 1995 1692 2053 numerationem
1721 1985 1818 2044 falsam

156 2077 327 2123 nummatum
345 2058 615 2130 fuissesortitum
634 2077 726 2118 veram
744 2063 970 2124 subhrissedebi·
999 2073 1181 2142 continente,
1198 2087 1259 2126 sum
1276 2068 1355 2126 dolus
1382 2083 1427 2137 per
1448 2067 1615 2122 occasionem
1644 2060 1707 2132 iuris
1724 2057 1816 2116 civilis

114 2196 121 2206 .
155 2140 180 2194 ri
197 2151 313 2205 causam,
328 2133 348 2189 l.
367 2132 590 2215 ritrcnraiiiom'r
613 2149 652 2188 ι..
671 2132 698 2188 C.
716 2132 747 2188 dc
765 2155 816 2190 non
833 2157 908 2194 rrum.
926 2153 970 2206 pe·
998 2159 1094 2200 contra
1113 2139 1264 2198 naturalem
1274 2144 1427 2209 ,equitatem
1463 2129 1740 2206 todesset,qu0dfteri
1761 2145 1817 2187 1¹0ss

156 2227 217 2264 eun.
236 2205 319 2277 junii.
337 2203 355 2259 Ι.
374 2223 402 2259 ιη
421 2201 644 2271 tumma65.15·
664 2201 698 2264 Θ
714 2205 819 2274 quidem
840 2225 861 2264 t.
880 2203 919 2279 ffi
938 2207 969 2261 de
998 2212 1096 2272 debere
1117 2210 1213 2268 Paulus
1232 2210 1377 2280 monoinl.
1399 2225 1421 2264 i.
1441 2155 1468 2282 ξ.
1492 2225 1513 2262 ι.
1526 2203 1563 2276 ff
1579 2205 1611 2262 dc
1629 2203 1682 2260 doli
1699 2201 1766 2257 ΜΓ
1784 2198 1818 2261 iu·

158 2277 270 2334 conditi.
289 2270 375 2333 indii.
404 2272 471 2332 Non
489 2275 573 2330 etiam
600 2274 689 2332 locum
707 2273 788 2332 habet
815 2280 844 2336 in
863 2275 970 2334 confes·
999 2298 1175 2352 intumuit.
1202 2281 1261 2338 Aut
1280 2279 1370 2350 lapsus
1399 2277 1503 2344 biennii
1523 2276 1581 2346 pius
1604 2277 1734 2333 adimeret
1751 2289 1778 2328 st
1795 2277 1818 2325 i·

158 2351 235 2406 slone
252 2346 387 2415 depositi,-
415 2363 464 2400 nec
482 2349 510 2399 in
528 2341 638 2411 apochis
665 2343 833 2413 publicarum
852 2343 970 2406 fundiio-
1001 2358 1072 2424 ptori
1089 2347 1280 2422 chirographi,
1298 2365 1385 2420 quam·
1399 2346 1542 2406 biennium
1558 2352 1584 2404 ei
1608 2346 1642 2402 ab
1669 2345 1752 2400 initio
1770 2289 1794 2399 cf

157 2435 232 2492 nune,
250 2417 472 2487 planeadrerms
489 2413 604 2482 apochas
626 2414 660 2471 de
677 2414 775 2472 debitis
793 2421 905 2486 privatis
923 2435 969 2476 ex·
998 2425 1062 2490 dit,-
1088 2423 1164 2480 dedit
1191 2420 1294 2480 scilicet
1321 2419 1464 2479 biennium
1489 2418 1515 2476 ei
1545 2434 1598 2473 non
1627 2415 1817 2484 exceptionem

1793 2361 1817 2381 2-

1791 2383 1802 2399 b

66 2546 74 2552 ,
152 2490 253 2548 solutis
269 2491 444 2558 conscriptas,
455 2488 527 2540 intra
544 2485 660 2556 triginta
669 2485 726 2542 dies
745 2493 878 2552 proximos
894 2505 971 2546 exce-
999 2494 1068 2561 doli,
1086 2494 1131 2550 sed
1149 2491 1363 2550 liberationema
1382 2487 1515 2560 probandi
1534 2489 1702 2555 necessitate,
1720 2501 1816 2542 secun-

161 2566 220 2632 prio
237 2559 294 2617 haro
310 2556 384 2616 saiva
401 2569 453 2623 est,
470 2555 489 2611 l·
508 2557 537 2610 ’Ἀ
553 2553 729 2612 ‘Onmffibuf
751 2556 790 2625 lli·
808 2554 835 2644 li·
858 2576 878 2613 ¹·
898 2573 922 2614 2·
942 2559 969 2614 C·
999 2565 1064 2621 dum
1082 2578 1147 2620 ante
1164 2560 1256 2628 ditias
1274 2579 1305 2618 ac
1324 2561 1436 2632 proinde
1454 2558 1529 2628 lapsu
1549 2555 1596 2612 illo
1622 2555 1708 2616 solam
1727 2557 1814 2612 inter·
1895 2598 1908 2630 p

158 2633 191 2687 dc
207 2641 259 2688 ηαη
276 2649 302 2685 η.
349 2623 582 2700 iniucundius
599 2625 746 2696 Curiaerup.
764 2626 880 2697 doctri·
900 2627 970 2688 San·
1000 2637 1039 2692 ire
1075 2631 1265 2691 liberationem
1292 2631 1328 2688 ab
1355 2649 1437 2690 onere
1454 2628 1606 2702 probandi,
1634 2643 1738 2684 necesse
1755 2635 1817 2696 est,

157 2703 192 2762 d'e
209 2702 286 2759 decit.
315 2644 408 2758 hiric.
428 2694 474 2756 lib.
497 2714 520 2752 t.
547 2717 569 2753 t.
591 2713 631 2754 rr.
648 2695 725 2766 defin.
748 2715 769 2754 r.
794 2700 862 2758 Ant.
882 2695 970 2756 Faber
999 2703 1073 2762 salva
1090 2715 1218 2761 ntanente
1237 2714 1295 2770 post
1314 2702 1452 2759 biennium
1473 2699 1519 2756 vul
1538 2711 1583 2754 ata
1601 2695 1658 2756 doli
1677 2697 1815 2766 exceptio-

156 2771 216 2832 Cori
235 2771 294 2829 libr.
312 2767 338 2838 d.
357 2787 376 2827 t.
401 2787 446 2826 aa.
464 2764 541 2834 defin.
559 2765 587 2824 6.
617 2765 757 2840 Zangerus
773 2769 806 2825 dc
832 2773 970 2837 exception.
1001 2793 1057 2846 ne,
1093 2793 1130 2829 uo
1148 2787 1212 2830 ante
1229 2770 1312 2829 ullam
1330 2773 1362 2830 cle
1391 2769 1503 2828 biennio
1519 2717 1814 2828 determinationem

156 2839 329 2917 poeniceo.
344 2840 384 2911 td.
402 2858 505 2898 numer.
524 2835 921 2910 nominatissimorum
943 2860 969 2895 η.
1001 2845 1057 2918 lege
1074 2793 1194 2913 fabiam,
1213 2856 1298 2912 nota,
1316 2844 1343 2900 dr
1361 2842 1488 2910 scriptori
1515 2837 1687 2912 chirographi
1706 2851 1815 2893 accom-

148 2913 203 2991 [ην.
221 2930 290 2986 part.
310 2929 337 2968 a.
355 2924 435 2968 tract.
454 2924 498 2981 29·
516 2907 593 2981 defin.
616 2921 656 2980 19.
675 2909 817 2969 Leeuven
836 2929 904 2966 cent.
916 2907 970 2983 for.
1000 2915 1107 2971 moriare
1126 2909 1197 2979 fuit,
1215 2924 1296 2980 atque
1323 2913 1363 2966 ita
1381 2914 1410 2968 in
1427 2929 1491 2969 casu
1509 2907 1640 2968 hedenus
1669 2907 1741 2966 haud
1759 2906 1815 2964 dis-

157 3001 228 3060 pari.
250 3003 275 3041 r.
295 2981 339 3038 lii.
358 2979 385 3048 4.
404 3001 417 3038 c
453 3021 459 3035 .
478 2976 522 3049 74.
541 3001 615 3037 num.
634 2993 659 3050 7.
1000 2983 1082 3041 simili
1099 2994 1304 3056 argumentatur
1324 2981 1473 3050 Imperator
1489 2980 1656 3039 lastinianus
1673 2980 1704 3037 in
1723 2979 1742 3036 i.
1760 2977 1818 3048 plu·

194 3051 238 3110 ii.
259 3054 305 3110 An
324 2995 544 3133 autem'biennio
560 3049 668 3119 elapm,
686 3053 714 3108 ar
734 3068 818 3122 neque
835 3055 981 3122 querimo'
1001 3059 1036 3111 rit
1059 3069 1098 3127 ¹9·
1116 3051 1210 3180 in‘fiot
1228 3050 1296 3108 cde
1312 3050 1364 3124 fide
1382 3057 1627 3111 instrumentorum.
1647 3047 1754 3108 Deinde
1772 3066 1816 3105 re·

161 3131 208 3184 nia
227 3122 412 3193 faunosque
430 3117 611 3192 chirographo
627 3119 763 3191 conditio,
781 3123 906 3192 deinceps
923 3139 971 3178 ex-
1001 3130 1129 3196 scriptum
1159 3125 1200 3180 uit
1218 3137 1311 3194 aperte
1327 3125 1392 3181 satie
1409 3141 1441 3180 ac
1458 3122 1619 3196 generaliter
1648 3123 1818 3192 scripturam,
1847 3169 1850 3176 .

147 3195 284 3267 ,ceptione
308 3209 364 3248 non
396 3205 539 3248 nutnetate
568 3192 683 3261 pecunie
710 3196 781 3247 tueri
805 3213 834 3250 se
859 3194 973 3261 scriptor
1001 3217 1053 3268 qua
1071 3213 1183 3252 cautem
1199 3211 1257 3265 ert,
1274 3211 1380 3263 accepta
1397 3211 1452 3266 qrtae
1468 3213 1547 3268 negat
1565 3190 1691 3264 traduc,
1707 3189 1819 3264 obligare

100 3325 109 3342 ,
158 3267 253 3337 possit,
271 3264 359 3333 siipre
376 3260 509 3332 probandi
526 3269 670 3318 onusinse
686 3261 973 3343 susciplennonadeo
1001 3285 1027 3322 re
1043 3264 1240 3390 contradiderit
1258 3267 1379 3322 veritatis
1397 3284 1448 3322 ηηη
1464 3267 1596 3335 poturit,
1613 3264 1630 3320 l.
1658 3283 1739 3336 neque
1756 3260 1819 3317 scri·

158 3338 315 3410 expeditum
330 3349 387 3392 est.
406 3332 523 3390 Vinnius
540 3335 648 3404 quidem
665 3349 746 3390 omne
763 3335 879 3390 omnino
897 3334 974 3398 ediu-
1000 3353 1077 3404 ptura
1094 3336 1122 3394 6.
1160 3335 1218 3392 .dr
1235 3339 1434 3404 caturcetim.
1461 3335 1535 3407 quod
1555 3349 1646 3391 tamen
1674 3335 1817 3402 continge·

157 3411 259 3466 totitem
276 3405 401 3475 scriptori
429 3417 489 3474 post
508 3401 647 3460 biennium
666 3415 766 3477 negat,
793 3409 843 3464 etsi
861 3401 973 3474 probare
1002 3421 1053 3479 ret,
1069 3408 1093 3464 si
1110 3420 1169 3476 poet
1189 3405 1330 3464 biennium
1346 3408 1437 3464 omnis
1462 3407 1546 3462 etiam
1565 3421 1620 3461 non
1649 3402 1820 3475 privilegiata

158 3493 264 3553 meato,
281 3475 368 3535 celeri.
388 3493 476 3550 quart.
490 3472 535 3530 tii.
557 3490 578 3530 t.
598 3491 654 3543 cap.
673 3471 718 3544 ir.
737 3472 790 3532 Sed
811 3477 856 3531 vix
873 3487 924 3544 est,
941 3487 972 3531 ut
1001 3481 1148 3551 quiesceret
1164 3478 1286 3545 exceptio
1295 3484 1351 3533 sive
1368 3477 1436 3539 dcii,
1446 3483 1501 3532 sive
1520 3475 1638 3545 pecunie
1649 3492 1705 3531 non
1725 3487 1817 3529 nume-

156 3567 218 3610 cum
234 3549 368 3620 equitatis
395 3551 564 3610 rationetur
593 3545 657 3613 iuris
674 3550 761 3601 nostri
787 3541 973 3604 fundamentis
1003 3563 1084 3606 rata.
1104 3546 1260 3606 Absurdum
1287 3547 1404 3618 denique
1423 3543 1512 3615 foret,
1530 3550 1559 3604 dr
1587 3547 1695 3602 rationi
1709 3555 1821 3599 contra.

193 3622 251 3680 inio
268 3626 320 3678 ista
337 3616 555 3675 concilieturzac
573 3616 687 3684 proinde
706 3613 805 3674 reatin
822 3615 972 3686 simplicem
1004 3623 1082 3688 rium,
1099 3619 1229 3690 denegari
1246 3617 1372 3686 cuiquam
1394 3630 1453 3686 post
1472 3630 1575 3683 tempus
1603 3611 1755 3672 naturalem
1773 3611 1821 3672 de·

159 3694 178 3748 il
190 3707 235 3747 am
253 3708 309 3747 non
327 3701 477 3747 numerata
496 3689 611 3754 pecunie
629 3688 834 3756 exceptionem,
857 3704 909 3756 qua
926 3703 973 3743 ex·
1005 3687 1154 3748 sensionem
1180 3691 1209 3744 in
1227 3685 1284 3746 doli
1303 3687 1343 3745 vel
1364 3705 1419 3743 uon
1437 3700 1583 3744 numerate
1611 3687 1727 3755 pecunie
1745 3683 1821 3742 ordi·

158 3764 259 3831 cipiens
269 3779 325 3820 sese
342 3758 569 3828 exceptionisnuc
588 3756 775 3826 probationem
793 3756 883 3814 subire
900 3772 974 3814 com·
1004 3763 1081 3818 naria
1099 3760 1260 3826 exceptione
1278 3758 1482 3828 consistentem,
1491 3775 1542 3826 qua
1560 3772 1615 3812 non
1634 3758 1710 3814 aliud
1730 3758 1821 3814 inten-

161 3831 278 3904 pellitur,
334 3845 345 3889 t
364 3830 505 3887 biennium
513 3829 661 3884 admiseris.
682 3823 792 3882 Eoenim
809 3829 900 3896 primo
914 3832 974 3896 qui·
1004 3831 1046 3890 dit
1064 3833 1209 3900 excipiens,
1228 3845 1308 3898 quam
1326 3841 1355 3885 ut
1373 3845 1451 3885 extra
1470 3828 1600 3884 damnum
1618 3828 1673 3898 sit,
1691 3845 1741 3885 nec
1760 3829 1820 3886 atii-

159 3903 222 3962 ‹lem
241 3901 287 3959 nul
300 3895 435 3960 mnfacile
452 3909 611 3970 negaturum
620 3907 719 3968 putem,
728 3901 794 3964 quin
810 3899 974 3955 anteintro-
1022 3916 1083 3960 atur
1100 3901 1135 3958 ad
1153 3901 1352 3959 restitutionem
1369 3895 1444 3970 eius,
1460 3899 1532 3969 quod
1550 3914 1689 3967 nunquam
1707 3900 1823 3967 accepit.
1871 3944 1880 3958 .

158 3970 268 4032 dudem
295 3970 366 4028 hanc
384 3965 534 4040 specificam
561 3973 588 4028 u
608 3968 804 4039 privilegiatam
823 3968 975 4027 biennalem
1002 3919 1117 4030 hrenim
1133 3972 1157 4026 si
1176 3977 1204 4026 in
1225 3968 1281 4039 jure
1296 3967 1438 4041 probatum
1450 3973 1496 4040 sit,
1513 3975 1597 4038 ipsam
1615 3985 1700 4027 metus
1718 3971 1747 4029 u
1764 3970 1821 4030 doli

159 4044 365 4114 exceptionem,
382 4043 428 4110 el,
446 4043 491 4110 qni
509 4036 724 4096 conveniebatur
741 4055 774 4096 et
792 4037 974 4113 chirographo
999 4041 1138 4100 amionem
1168 4039 1301 4111 (quarum
1319 4039 1365 4096 illa
1391 4041 1553 4112 regulariter
1581 4047 1653 4098 intra
1678 4039 1824 4112 quadrien-

159 4118 320 4174 continente
346 4109 545 4172 confessionem
571 4109 786 4177 numerationis,
808 4130 866 4182 que
884 4123 974 4168 secuta
1007 4121 1092 4182 nium,
1111 4109 1164 4168 hec
1183 4113 1256 4168 intra
1274 4109 1417 4170 biennium
1435 4109 1598 4168 intentanda
1616 4124 1655 4168 est
1675 4113 1842 4172 secundum,

159 4201 215 4243 non
233 4182 408 4258 est,liberum
428 4179 508 4239 fuerit
526 4199 561 4238 ex
577 4181 697 4253 generali
717 4175 788 4250 iuris,
799 4187 827 4241 u
845 4183 976 4249 equitatis
1007 4182 1070 4252 iuris
1086 4177 1385 4308 principiaglperpetuo
1400 4181 1507 4246 durare,
1517 4183 1620 4248 quoties
1638 4200 1694 4240 non
1715 4189 1767 4241 nisi
1785 4183 1822 4244 ad

159 4259 269 4316 ratione
287 4275 342 4314 sese
358 4251 501 4312 defendere
520 4271 565 4323 per
591 4255 742 4322 oppositam
767 4252 825 4312 doli
841 4255 976 4321 exceptio-
1006 4254 1213 4312 indemnitatem
1252 4251 1275 4308 is
1292 4249 1446 4310 autoribus
1464 4247 1537 4309 auor
1554 4253 1709 4320 contendit,
1726 4257 1754 4313 u
1773 4257 1823 4313 ad·

159 4341 242 4401 nem,
268 4327 334 4384 dum
350 4325 415 4381 dolo
433 4343 489 4380 non
508 4339 592 4396 caret,
611 4327 659 4393 qui
684 4336 815 4391 tanquam
831 4339 866 4380 ert
883 4335 977 4379 mutuo
1006 4327 1136 4382 terrarius
1152 4322 1272 4382 delucro
1290 4321 1437 4392 captsmlo,
1453 4341 1499 4380 seu
1517 4340 1644 4396 te,quam
1658 4306 1759 4439 issiflbst

161 4409 334 4456 nunutatum
353 4396 449 4467 repetit
476 4397 551 4466 quod
567 4413 629 4454 vere
648 4409 818 4452 numeratum
837 4411 893 4449 non
910 4411 976 4463 esse,
1006 4409 1108 4452 metum
1125 4394 1251 4452 dolumve
1269 4391 1392 4464 possidet,
1410 4393 1576 4466 retinendo,
1595 4395 1662 4454 adeo
1681 4410 1710 4452 ut
1729 4344 1823 4455 8thf

159 4489 219 4526 rcus
245 4469 344 4535 docet,
366 4469 386 4522 l.
404 4437 499 4536 palam
527 4485 553 4524 2.
570 4467 608 4536 ff.
625 4470 699 4524 circa
716 4466 834 4532 primam
850 4459 876 4519 5.
890 4461 927 4534 ff.
945 4462 978 4518 de
1006 4467 1082 4526 redes
1098 4465 1378 4546 eorumquimetum
1397 4477 1443 4520 aut
1461 4462 1554 4522 dolum
1573 4463 1705 4536 fecerunt,
1716 4467 1747 4526 in
1765 4483 1827 4535 per-¹

161 4541 216 4598 doli
234 4540 304 4597 mali
331 4538 365 4599 (³5
384 4556 470 4594 mrtut
488 4554 586 4610 except.
614 4533 697 4611 junii.
717 4529 744 4610 §.
763 4533 835 4591 idem
847 4535 923 4610 juris.
937 4553 978 4590 ert
1008 4552 1116 4608 pecuum
1133 4537 1273 4593 convenirr
1302 4536 1423 4605 possint,
1460 4551 1574 4594 uarenus
1593 4536 1746 4608 possident,
1774 4553 1823 4593 nec

65 4653 71 4660 -
161 4625 188 4669 a'.
207 4613 299 4670 Iustis.
326 4609 358 4664 de
375 4611 585 4680 receptionibus,
612 4605 701 4680 qualis
716 4605 774 4665 doli
792 4607 919 4675 exceptio
936 4625 978 4663 se-
1007 4609 1069 4666 ullo.
1082 4621 1200 4676 ternpore
1218 4617 1315 4676 pretor
1333 4619 1392 4662 rata
1410 4603 1445 4662 ha
1481 4619 1518 4678 at,
1531 4626 1587 4679 que
1604 4605 1669 4664 dolo
1687 4605 1728 4665 vel
1748 4616 1824 4666 metu

160 4683 282 4742 cundum
299 4695 376 4740 usam
387 4687 522 4749 propriam
541 4680 820 4750 naturamestimata,
839 4695 893 4736 oon
912 4690 978 4734 tem
1025 4693 1080 4737 esta
1098 4691 1173 4748 sunt,
1191 4678 1208 4732 l.
1227 4680 1256 4733 in
1273 4675 1393 4734 herem
1407 4677 1449 4735 ab
1468 4692 1512 4750 ap.
1531 4676 1573 4732 ai.
1594 4695 1609 4732 a
1630 4718 1635 4728 .
1652 4673 1686 4746 ff.
1705 4675 1737 4732 dt
1755 4673 1823 4744 doio,

162 4754 324 4824 poralissed
352 4765 477 4820 perpetua
496 4761 555 4822 est,
573 4750 590 4805 l.
607 4767 670 4819 pure
688 4748 755 4805 inihi
780 4748 805 4806 5.
825 4747 861 4818 Ji.
882 4743 979 4817 ulnffi
1007 4701 1113 4821 icum
1126 4769 1217 4806 autem
1239 4761 1279 4820 19.
1307 4749 1325 4804 f.
1346 4765 1387 4805 ao.
1405 4748 1424 4804 f.
1443 4763 1487 4804 at.
1504 4739 1531 4823 ᾗ.
1549 4691 1628 4819 quof-
1644 4765 1730 4805 mrtau
1753 4763 1775 4802 i.
1787 4745 1826 4820 ff.

161 4827 193 4884 d.-
212 4825 264 4882 doli
288 4827 358 4881 mali
374 4819 408 4883 Θ
426 4839 512 4878 mitur
529 4837 625 4890 except.
653 4817 726 4878 Huic
742 4837 808 4893 ergo
824 4820 882 4878 doli
899 4837 977 4878 exce·
1007 4820 1076 4894 qued
1092 4836 1177 4878 mitur
1195 4835 1302 4884 raum
1319 4835 1445 4890 quonam,
1457 4817 1578 4889 obsecro,
1594 4815 1685 4876 colore
1702 4815 1759 4876 doli
1777 4834 1827 4874 ex-

162 4891 538 5028 prionbi'cumdpolsytemjun
559 4907 716 5022 eretlulrlnon
736 4908 881 4952 numerate
899 4911 979 4966 pecu·
1007 4894 1097 4964 ceptio
1114 4905 1173 4964 post
1198 4889 1337 4951 biennium
1360 4891 1488 4964 denegari
1515 4895 1634 4974 potuerit
1653 4897 1700 4962 ei,
1726 4889 1773 4964 qui
1791 4889 1825 4952 dt

259 4981 336 5028 reta
395 4987 415 5022 a
466 4977 503 5025 r.
542 4986 594 5025 om.
661 5007 683 5032 .,
1454 5009 1466 5024 .
1536 4975 1554 5019 ο
