3994 5348
800 165 850 229 De
876 157 1029 227 Noutico'
1047 161 1187 242 Furore.
1593 125 1602 132 ι
1690 145 1780 253 ²99*

235 253 274 312 ita
284 251 785 324 concentlocambialisirnplemcntuu
803 272 858 311 ooo
868 253 976 326 lrabeat,
1003 263 1148 312 ormnem
1164 265 1304 326 acceptans
1321 251 1476 314 scaliers
1493 265 1581 325 petere
1633 253 1691 324 rsit,
1706 252 1759 310 sibi
1774 273 1807 310 a·

197 324 322 382 oseboom
340 323 495 395 Ceremiam
518 347 576 383 van
593 325 730 380 Amneni
749 324 856 382 rasso.
876 343 929 382 arr.
947 321 973 381 5.
1003 321 1106 380 &iones
1123 324 1184 383 cedi
1201 326 1328 382 adversius
1356 326 1474 394 pecunia
1491 323 1597 382 cambia
1610 331 1632 382 is
1656 321 1807 384 debitorem

170 392 250 454 Rota
267 392 369 451 Genua
387 393 466 450 dacis.
477 410 502 450 a.
521 396 670 466 adeuntis,
687 395 734 466 qui
751 397 824 464 prius
840 394 974 454 mandan-
1004 392 1264 452 adindenmitatem
1275 413 1288 462 ς,
1301 393 1494 464 protestatione
1511 413 1576 452 vero
1596 394 1648 452 'am
1664 397 1809 463 interposi-

165 477 220 522 tem
238 463 324 521 iolum
333 463 385 520 sibi
396 464 551 524 devinctum
562 464 687 538 babebat,
703 465 827 535 deinceps
842 470 871 527 dr
888 471 973 535 ipsum
1004 476 1043 534 ta,
1058 469 1143 520 miam
1159 465 1330 536 desiderare,
1347 463 1399 520 sibi
1418 469 1485 535 ipsas
1505 466 1574 524 tradi
1606 468 1687 523 iteras
1704 463 1805 524 cambii

163 538 192 594 fir
210 535 411 592 mandatarium
428 535 481 592 sibi
490 537 639 610 obligatum
649 549 749 605 teneat,
767 547 912 606 neuterque
930 541 973 590 ni·
1002 549 1064 592 cum
1081 536 1287 605 protestatione,
1303 534 1338 592 ad
1348 534 1525 596 obtinendam
1537 536 1725 594 indemnitatis
1736 553 1818 604 prce.
1905 591 1908 596 ,

160 609 183 662 si
201 603 336 662 solutione
354 623 400 674 per
416 607 580 666 alterutrum
608 606 714 676 impleta
734 603 878 665 liberetur.
898 603 973 662 Hinc
1002 605 1168 676 stationem,
1190 603 1321 664 Consuet.
1331 605 1479 673 antwerp.
1498 608 1540 662 rit.
1550 605 1593 674 54.
1611 621 1664 662 art.
1680 605 1704 662 5.
1724 604 1809 665 Rosc-

162 676 196 746 si,
215 675 390 736 mandatorio¹
403 689 461 746 post
487 679 700 746 acceptationem
717 675 857 734 literarum
872 674 971 732 cambit
1004 672 1084 729 boom
1101 691 1214 732 consuet.
1225 676 1366 732 Amineis
1401 675 1523 733 .50.arr.
1537 694 1576 733 ro.
1599 696 1639 734 rr.
1655 674 1769 734 Grotius
1779 677 1817 732 d!

161 761 216 800 non
236 744 365 818 solvente,
384 753 415 816 is,
433 747 477 803 cul
496 748 540 804 vel
559 745 671 816 incuiur
706 747 804 804 ratiam
822 743 971 806 solutiofa-
1001 739 1169 818 libabiap.
1184 741 1225 802 ιδ.
1243 763 1320 802 Μ’.
1339 739 1366 802 5.
1411 745 1416 756 ’
1440 764 1524 804 uvven
1543 767 1609 804 cerr.
1619 746 1718 822 fictas.
1735 751 1805 815 porr.

160 815 256 874 :lenm
273 829 331 873 erat
357 821 504 876 convenite
521 815 575 889 jam
600 765 710 884 coeperft
724 818 900 876 mandantem
926 833 971 872 seu
1005 831 1028 869 i·
1046 812 1192 883 libi-cap.
1207 813 1246 873 15.
1255 837 1329 872 num.
1339 831 1366 888 9.
1400 814 1606 876 Observandum
1623 820 1706 886 enim,
1724 819 1806 874 toties

160 885 317 952 scriptorem
333 855 484 960 literarum,
502 904 553 945 nee
579 889 721 956 quicquam
737 886 773 942 ab
789 905 828 943 eo
838 901 888 944 aut
914 903 970 942 non
1000 886 1105 953 quoties
1121 887 1306 944 nrandatarius
1322 886 1424 942 cambii
1432 886 1522 946 literas
1537 901 1674 958 acceptare
1692 902 1806 957 recusat,

158 953 272 1012 solidum
289 952 327 1010 ob
344 959 467 1026 inopiam
484 969 642 1014 consecutus
651 959 696 1027 sit,
706 957 792 1016 redire
802 958 897 1014 iterim
907 968 969 1026 pot·
1001 957 1188 1016 necessitatem
1204 957 1242 1027 ei,
1256 959 1301 1014 cui
1318 960 1422 1016 nununi
1431 975 1464 1013 ex
1473 961 1602 1018 mandato
1621 955 1732 1018 fuissent
1750 959 1805 1013 sol-

160 1035 201 1081 est
217 1023 252 1081 nd
271 1024 468 1086 mandatarium
486 1025 692 1099 reirailarium,
710 1045 823 1097 eumque
849 1025 970 1096 expreio
1000 1025 1091 1094 vendi,
1108 1042 1142 1081 ex
1159 1026 1353 1086 consuetudine
1362 1031 1517 1094 impositam
1534 1045 1599 1100 esse,
1616 1042 1645 1084 ur
1663 1030 1736 1084 intra
1753 1033 1804 1083 tri-

158 1096 245 1152 tacito
253 1093 286 1152 dc
294 1094 426 1155 solvendo
443 1095 526 1170 (quod
543 1101 723 1167 acceptationi
750 1097 881 1154 inclusum
897 1091 970 1168 dixi)
998 1096 1080 1152 duum
1098 1111 1115 1150 a
1131 1095 1262 1168 denegata
1271 1097 1456 1166 acceptatione
1465 1109 1628 1167 protestetur
1644 1098 1679 1156 de
1696 1099 1804 1156 damnis

157 1183 270 1237 cogere,
298 1177 329 1221 ut
347 1166 510 1226 solutionem
529 1168 692 1240 adimpleat,
709 1180 840 1236 quatenus
866 1184 898 1225 ea
916 1183 963 1236 per
998 1167 1026 1223 dt
1043 1182 1078 1222 eo
1094 1165 1165 1234 quod
1183 1170 1314 1238 intereat,
1339 1175 1419 1239 atque
1437 1169 1475 1224 ita
1503 1168 1597 1226 literas
1621 1167 1723 1224 cambii
1740 1187 1802 1226 cum

159 1233 334 1292 mandantem
353 1233 424 1294 facia
443 1236 723 1307 nonest,Rosoboom
741 1239 969 1308 Conruymmvan
998 1237 1211 1302 pmrmtatione,
1221 1238 1342 1294 remittat
1368 1238 1525 1306 quantocius
1549 1238 1587 1296 ad
1610 1238 1805 1306 mandantem

159 1303 337 1360 Amnevdam
348 1321 403 1375 cap.
413 1305 456 1363 50.
475 1323 529 1363 art.
541 1321 568 1380 9.
597 1325 659 1367 van.
680 1305 967 1378 antwerpensium.
998 1323 1032 1362 ne
1045 1303 1180 1375 alioquin,
1198 1303 1323 1378 neglectis
1333 1304 1415 1392 hisce,
1431 1325 1550 1382 regressa
1566 1323 1657 1366 careat
1676 1309 1801 1367 adversus
1906 1349 1913 1358 -

158 1387 211 1429 art.
222 1370 249 1441 d.
268 1370 432 1440 Neostadius
449 1377 534 1434 Curia
544 1393 613 1446 capr.
628 1379 706 1437 dcccc.
720 1395 760 1435 ra.
777 1379 869 1437 lurisc.
890 1373 966 1434 Holl.
996 1389 1058 1430 eum
1074 1379 1121 1448 qui
1138 1377 1316 1434 mandaverat
1332 1376 1515 1449 solutionem,
1532 1381 1560 1438 u
1578 1382 1621 1435 cui
1640 1382 1752 1449 nummi,
1770 1379 1805 1436 li·

154 1444 213 1512 piat.
236 1437 263 1498 i.
293 1447 345 1501 vol.
358 1463 380 1502 r.
399 1447 487 1504 consil.
510 1443 568 1505 163.
588 1445 666 1519 lmo,
683 1465 764 1518 mque
782 1449 850 1505 adeo
873 1445 969 1505 etauio
997 1447 1062 1501 teris
1075 1443 1177 1500 cambii
1194 1445 1391 1519 comprehensi,
1407 1445 1461 1516 jam
1478 1450 1507 1505 io
1525 1463 1692 1506 antecessum
1709 1465 1803 1506 ocurre-

159 1516 241 1572 datur
259 1516 295 1583 ei,
321 1517 366 1584 qui
385 1517 484 1574 cambii
503 1516 609 1576 litteras
627 1531 712 1593 tenet,
728 1531 819 1576 utrum
836 1516 967 1573 mandan-
997 1521 1051 1572 rati
1067 1526 1131 1570 sunt
1159 1514 1325 1589 Cocmymen
1344 1534 1396 1574 van
1407 1518 1579 1588 Antverpen
1596 1523 1641 1576 ric.
1651 1512 1693 1574 55.
1712 1535 1765 1576 an.
1776 1515 1803 1576 8.

164 1596 284 1660 teimau
303 1589 582 1664 acceptantem&aua
598 1588 709 1647 dienorr
726 1589 884 1657 solventem,
902 1603 968 1644 con·
997 1581 1031 1644 in
1048 1586 1096 1642 alt.
1119 1554 1274 1643 doceboom
1293 1585 1350 1641 Cart
1385 1607 1448 1644 men
1474 1607 1527 1644 aaa
1544 1587 1681 1646 Amrrrrd.
1699 1589 1743 1646 tr'r.
1761 1587 1805 1646 50.

156 1659 252 1711 venire
271 1654 359 1722 malit,
376 1667 406 1714 ut
423 1659 456 1729 is,
474 1673 554 1724 quem
573 1655 673 1730 elegit,
691 1658 767 1716 nullo
785 1664 867 1728 possit
893 1658 966 1714 ordi·
998 1653 1092 1736 arrd..
1104 1651 1338 1724 Responslurirc
1377 1655 1536 1784 eligland¹
1548 1660 1597 1722 orl.
1608 1657 1733 1716 aaroni
1745 1671 1802 1731 199.

156 1725 201 1778 nis
220 1720 355 1782 beneficio
373 1733 431 1796 uti,
448 1745 481 1782 ac
497 1728 664 1800 desiderare,
682 1741 711 1784 ut
729 1729 811 1786 aliter
829 1732 903 1798 prius
920 1745 966 1785 eir-
998 1723 1050 1780 nisi
1067 1742 1134 1794 equa,
1149 1728 1199 1794 qui
1218 1725 1416 1783 litctaacambii
1444 1727 1511 1796 edit,
1530 1747 1586 1784 non
1605 1729 1723 1797 intersit,
1743 1746 1805 1798 pro·

157 1793 297 1864 cudatur,
316 1792 481 1855 Neostadios
497 1795 610 1854 aaran.
621 1800 784 1868 crapacorio
805 1814 864 1854 ra.-
1001 1795 1175 1854 testationem
1194 1797 1266 1854 intra
1285 1795 1577 1856 triduurniritamesse
1593 1801 1658 1856 dum
1676 1803 1731 1866 ipse
1748 1816 1804 1856 non

189 1861 222 1920 6.
234 1859 298 1935 Qua
317 1868 459 1926 occasione
474 1867 701 1927 considerandum
717 1868 840 1938 ulterius,
856 1880 966 1926 contra·
997 1877 1039 1921 esc
1056 1865 1174 1922 creditor
1194 1865 1286 1934 illius,
1303 1871 1350 1924 cui
1367 1885 1412 1936 per
1429 1867 1528 1925 cambii
1547 1868 1639 1925 literas
1656 1868 1805 1926 mandave-

155 1928 228 1988 &um
246 1932 408 1993 cambialem
417 1955 490 2007 posse
498 1935 594 1998 eiius
611 1941 722 1999 destitui
742 1937 784 1996 vel
793 1956 828 1996 ex
836 1953 878 2009 eo,
896 1937 967 2007 quod
997 1947 1039 1992 tat
1056 1935 1228 2008 solutionem,
1245 1935 1290 1994 sed
1308 1953 1343 1994 ert
1358 1942 1542 2006 acceptato&
1563 1937 1674 2006 impleto
1691 1936 1808 1996 solutio·

155 2001 198 2073 is,
215 2004 258 2059 cui
277 2023 323 2074 per
340 2007 442 2064 cambii
461 2007 554 2066 literas
572 2009 671 2068 solutio
688 2007 810 2081 labantia
827 2005 890 2079 fuit,
906 2025 966 2064 eas-
997 2007 1040 2062 nis
1059 2004 1192 2068 rnandato
1209 2009 1260 2076 ipsi
1280 2001 1372 2076 fuisset
1389 2009 1520 2066 mandato
1537 2005 1715 2080 obligandus:
1737 2018 1805 2064 tune

121 2086 124 2104 ¹
155 2071 216 2148 dem
229 2090 368 2143 acceptare
386 2090 467 2150 atque
476 2081 518 2136 ita
535 2081 695 2139 mandatum
711 2081 779 2138 succi
826 2077 967 2144 enolcrit,
997 2079 1070 2132 enim
1087 2078 1114 2135 at
1133 2089 1191 2145 post
1209 2076 1294 2135 tridui
1314 2078 1417 2146 lapsum
1433 2079 1627 2147 protestatione
1646 2077 1804 2148 interposita

153 2141 197 2199 vel
215 2159 248 2224 ex
266 2161 318 2216 eo,
335 2149 405 2218 quod
423 2161 483 2217 post
501 2157 731 2221 acceptationem,
758 2096 967 2208 dffmiormois
997 2145 1073 2204 reddi
1091 2158 1220 2216 oportere
1242 2165 1288 2216 per
1306 2145 1483 2205 mandantem
1509 2167 1554 2206 seu
1573 2146 1712 2204 literarum
1736 2149 1803 2204 scri·
1831 2159 1834 2202 i

154 2215 290 2283 veniente,
309 2219 338 2271 in
350 2233 425 2273 mora
435 2215 556 2277 solvendi
573 2231 623 2290 est,
642 2221 777 2288 veletren,
795 2219 870 2290 quod
886 2233 966 2273 man·
998 2227 1104 2284 prorem
1122 2232 1264 2282 nummos,
1279 2224 1483 2289 quosaccepit,
1501 2221 1529 2278 ir
1546 2215 1717 2294 symbolam,
1742 2235 1820 2274 cum

155 2281 250 2340 datum
267 2285 302 2342 de
320 2287 451 2345 solvendo
468 2306 515 2358 per
533 2288 626 2346 literas
641 2289 741 2346 cambii
760 2293 966 2358 interpositum,
997 2303 1031 2342 eo
1048 2286 1120 2354 quod
1137 2291 1249 2344 interest
1271 2303 1288 2341 a
1306 2298 1426 2357 tempore
1443 2290 1665 2360 protestationis,
1694 2305 1803 2356 respon-

156 2352 283 2421 deinceps
302 2375 348 2424 per
365 2359 541 2418 nandancem
558 2374 604 2416 aut
614 2372 685 2432 eum,
702 2361 738 2418 ad
755 2356 830 2428 cuitu
845 2362 966 2430 rogatio-
997 2372 1057 2412 ama
1076 2351 1163 2412 suita
1180 2354 1362 2415 celeberrimis
1378 2355 1571 2416 mercatoribus
1586 2361 1659 2416 'inter
1680 2355 1803 2428 Respon-

64 2467 76 2472 --
154 2439 220 2480 nem
237 2428 434 2499 mandaverat,
451 2441 606 2487 revocatum
625 2428 693 2490 suit.
712 2426 789 2514 Quid
806 2431 836 2484 in
854 2427 967 2500 singulis
996 2441 1025 2480 sa
1041 2426 1183 2483 iuriscons.
1204 2421 1346 2496 Holl.par.
1365 2423 1392 2482 ὅ.
1410 2431 1460 2486 ool.
1474 2447 1497 2484 r.
1515 2429 1602 2486 concil.
1624 2429 1666 2500 59.
1685 2447 1719 2490 ne
1737 2428 1804 2485 alias

146 2490 278 2552 'obtineat
295 2497 413 2572 casibus,
428 2515 650 2570 enarrareopera
670 2515 785 2571 pretium
802 2505 862 2556 erit.
881 2501 966 2557 Acce·
996 2499 1059 2554 cum
1075 2496 1186 2561 alterius
1204 2495 1305 2566 ialiura
1321 2497 1498 2564 locupletetur
1514 2500 1573 2558 sine
1590 2516 1690 2555 caum.

152 2567 304 2634 prationem
321 2569 392 2639 quod
410 2570 524 2642 attinet,
532 2577 574 2628 uti
591 2589 625 2630 ex
642 2575 740 2629 caturia
757 2571 880 2626 mandati
899 2567 967 2626 libe·
1032 2580 1058 2637 7.
1072 2565 1158 2638 ,Quod
1175 2568 1199 2637 si
1225 2565 1310 2626 litera
1328 2567 1426 2624 carubii
1452 2583 1559 2628 nasute
1584 2567 1681 2625 oblate
1700 2585 1730 2624 ac
1758 2585 1804 2636 per

154 2650 214 2690 rum
231 2636 329 2702 cuique
337 2651 377 2697 est
387 2641 545 2698 mandatum
562 2641 696 2714 suscipere
714 2638 757 2698 vel
776 2645 833 2698 non
850 2643 966 2708 suscipe-
997 2635 1209 2709 mandatarium,
1222 2637 1257 2694 ad
1274 2639 1433 2706 quamdata
1450 2637 1506 2708 (vel
1524 2645 1611 2696 etiam
1625 2642 1806 2696 rationarium

153 2721 192 2780 qe,
213 2701 440 2779 dfitirrrfhmilr'ar
454 2711 480 2766 u.
492 2704 524 2840 ἕ.
543 2713 643 2770 invitas
666 2731 687 2769 r.
701 2707 738 2783 ff.
759 2709 792 2766 de
807 2724 937 2780 mearat.
947 2709 966 2766 1.
997 2703 1062 2777 ebra,
1080 2719 1111 2764 ut
1129 2706 1210 2766 habet
1221 2704 1539 2778 northmanmam
1557 2707 1661 2778 araz.)
1680 2719 1804 2776 accepta·
1845 2771 1849 2780 ⁸

151 2777 223 2830 sicar
243 2777 320 2832 iricio
337 2777 362 2835 5.
380 2781 409 2836 C.
428 2777 461 2836 de
478 2801 492 2837 o
509 2782 551 2854 lig.
562 2781 595 2844 Θ
612 2784 667 2841 asi.
685 2779 809 2841 dinarius
832 2793 871 2848 17.
890 2782 916 2836 C.
935 2780 967 2836 de
997 2789 1032 2833 tae
1047 2779 1113 2844 rint,
1129 2791 1211 2846 atque
1227 2782 1266 2834 ita
1284 2777 1332 2834 ille
1340 2777 1479 2838 eviribentl
1496 2797 1553 2839 sese
1570 2777 1742 2853 obligaverit,
1758 2777 1809 2834 de-

151 2857 291 2912 presserat.
312 2865 368 2917 arg.
388 2849 448 2907 ide
466 2867 584 2911 curatore
602 2867 628 2907 a.
647 2849 672 2928 d.
699 2857 823 2925 queritur·
839 2849 866 2909 5.
918 2849 967 2906 Ar
998 2847 1060 2904 inde
1076 2859 1169 2904 autem
1186 2849 1314 2906 veniente
1322 2847 1465 2906 solutionis
1481 2851 1524 2909 die
1540 2853 1569 2906 in
1589 2865 1664 2908 soora
1680 2848 1808 2906 solvendi

152 2930 271 2970 sectatore
297 2905 370 2973 bonis
390 2919 486 2992 dando,
505 2930 541 2979 ita
560 2939 663 2996 quoque
681 2923 722 2991 is,
738 2923 774 2980 ad
790 2937 868 2991 quem
897 2927 966 2977 itera
996 2918 1042 2987 sit,
1059 2916 1157 2974 similia
1174 2923 1380 2987 protestationis
1398 2918 1600 2989 interponenda
1617 2935 1649 2974 ac
1667 2934 1730 2973 cum
1748 2916 1807 2972 lite-

152 2983 255 3038 cambii
273 2984 353 3058 data,
371 2991 474 3047 inritus
491 2993 613 3064 compelli
633 2999 736 3066 nequit,
753 3007 785 3050 ut·
800 3007 848 3049 eas
866 2989 917 3050 sibi
935 3009 966 3048 o·
997 2990 1034 3044 ria
1050 2987 1151 3045 cambii
1168 2989 1205 3046 ad
1221 2989 1395 3046 mandantem
1414 2989 1582 3048 commende
1603 2989 1806 3066 necessitasin-

151 3052 244 3110 blatas
260 3071 379 3126 acceptet
390 3077 421 3117 ac
429 3059 595 3120 solutionem
612 3065 763 3136 promittat,
780 3063 833 3122 nisi
843 3063 879 3121 ad
895 3079 966 3118 nur—
997 3057 1100 3116 cumbit
1116 3064 1161 3128 ei,
1178 3059 1224 3114 cui
1241 3056 1343 3116 solutio
1358 3054 1483 3118 fiacienda
1499 3075 1576 3125 etat,
1605 3065 1635 3116 cri
1651 3057 1729 3112 malit
1748 3073 1807 3126 pure

152 3137 275 3182 catorem
293 3126 400 3187 ditetis
417 3132 473 3187 sint
492 3131 527 3188 ab
547 3135 677 3190 institute
693 3131 761 3204 eiua,
778 3149 918 3206 perquem
935 3149 966 3188 o-
996 3145 1042 3185 seu
1060 3145 1180 3202 τεετωιι
1197 3143 1246 3186 aro
1271 3129 1399 3198 adveraus
1416 3130 1594 3188 mandantem
1611 3127 1752 3197 exc-iclcre,
1770 3143 1818 3183 eos

161 3193 259 3267 bili-'²¹1
277 3210 402 3272 poterat,
420 3217 452 3259 ac
469 3204 633 3260 contineant
650 3209 808 3275 pecuniam,
825 3219 908 3274 quam
924 3208 966 3259 in·
997 3199 1088 3268 niodo,
1106 3216 1161 3266 quo
1178 3199 1206 3256 id
1225 3195 1278 3268 jam
1294 3201 1425 3256 traditum
1443 3199 1476 3256 de
1493 3217 1565 3273 cam,
1583 3216 1636 3268 quo
1654 3201 1710 3267 ipsa
1728 3214 1806 3254 acce-

87 3309 92 3322 .
149 3265 235 3324 stitor
253 3279 374 3324 mutuam
392 3277 580 3340 acceperatis
600 3289 677 3330 usunr
695 3273 925 3342 proponentis,a
959 3311 965 3326 .
998 3271 1086 3336 pcatio
1102 3269 1132 3326 dt
1189 3283 1268 3328 atur:
1286 3281 1316 3326 ut
1334 3281 1427 3326 tamen
1445 3267 1489 3326 hic
1508 3287 1563 3329 non
1584 3271 1622 3325 ita
1641 3269 1726 3340 rigide
1744 3285 1805 3336 pro-

150 3339 169 3394 Ι.
191 3337 269 3392 caica
303 3351 338 3394 aa
353 3339 379 3399 5.
398 3335 425 3418 ᾗ.
446 3357 503 3400 non
529 3359 622 3399 tamen
642 3358 757 3400 rista.
775 3339 809 3404 ot
831 3339 871 3400 15.
889 3289 967 3411 ὦ
998 3341 1107 3396 testatio
1125 3343 1161 3394 tri
1181 3335 1363 3398 comorius
1380 3339 1436 3412 sit,
1462 3339 1597 3398 tedintra
1614 3339 1677 3400 odio
1694 3350 1740 3394 aut
1757 3338 1806 3396 de·
1894 3399 1903 3414 x

151 3408 268 3463 instinc
295 3447 303 3466 .-
312 3408 456 3476 consuet-i
466 3415 671 3484 Antverpienr.
683 3414 726 3470 tir.
735 3411 778 3472 55.
798 3430 851 3470 art.
865 3429 890 3469 r.
907 3409 966 3470 Ro-
996 3425 1055 3465 cem
1072 3410 1148 3480 dies,
1176 3408 1247 3475 apud
1265 3409 1805 3480 Antvrerpienseslntraquatuotdecim,

152 3472 263 3534 seboom
280 3475 451 3552 coniraymrn
468 3504 524 3542 can
540 3479 718 3542 Amsrerdam
736 3479 846 3553 capio.
865 3499 918 3542 arc.
940 3497 964 3536 r.
997 3491 1060 3554 eam
1076 3477 1132 3536 lieri
1152 3479 1282 3551 suliiciat,
1301 3481 1353 3539 nisi
1372 3483 1412 3552 is,
1448 3486 1477 3537 ui
1493 3483 1656 3550 acceptavit,
1675 3495 1732 3536 non
1748 3476 1804 3537 dil-

149 3545 234 3619 Hugo
252 3549 369 3610 Grotius
386 3554 499 3612 maneri.
510 3553 550 3609 ad
561 3553 706 3626 'lur‘rpmd
718 3555 795 3624 Hali.
811 3549 893 3611 nai.
911 3567 965 3622 cap.
998 3547 1086 3618 ferat,
1103 3549 1149 3606 sed
1169 3561 1261 3618 aperte
1277 3551 1390 3623 deneget
1408 3569 1438 3608 so
1468 3550 1596 3619 tionem,
1617 3561 1663 3606 aut
1683 3545 1743 3606 foro
1760 3566 1805 3604 ee·

154 3617 195 3673 15.
214 3635 289 3675 nom.
309 3618 336 3690 d.
358 3619 397 3679 lit
413 3629 536 3693 quamvis
557 3625 647 3682 invito
663 3643 716 3696 eo,
731 3626 777 3681 cui
795 3623 965 3692 solvendam,
996 3621 1054 3686 dat,
1071 3631 1117 3676 aut
1137 3617 1246 3686 latitet3
1263 3633 1332 3676 tunc
1345 3623 1431 3677 enims
1447 3619 1566 3678 triduum
1584 3619 1698 3675 omnino
1714 3613 1809 3674 obser*

153 3689 307 3756 acceptatio
322 3707 357 3747 ex
376 3695 536 3752 conditione
552 3696 672 3764 quadam
688 3711 731 3752 sua
754 3693 813 3752 'ndi
832 3707 965 3764 nequeat,
997 3689 1117 3747 vandum
1133 3685 1214 3759 foret,
1230 3687 1383 3747 Roseboom
1401 3691 1541 3758 &rcum
1556 3707 1614 3748 van
1629 3685 1807 3744 Amandum

150 3765 216 3830 quin
235 3764 570 3823 tameneoconsentiente
588 3767 680 3835 possit,
697 3713 876 3822 dubitandum
894 3761 966 3823 haud
996 3758 1104 3826 cando,
1122 3775 1176 3815 aar.
1187 3759 1214 3816 i.
1233 3758 1260 3818 u
1278 3759 1364 3830 &ao
1375 3759 1615 3836 Costuymenvan
1632 3757 1807 3828 Antvverpan

123 3897 128 3905 Ι
151 3827 283 3897 videturi
298 3835 367 3893 adeo
383 3847 414 3890 ut
431 3847 499 3892 tuuc
516 3833 592 3892 nulla
607 3837 635 3895 in
646 3845 829 3902 receptantem
837 3832 908 3892 ratio
918 3852 965 3891 na·
996 3845 1016 3888 t.
1028 3825 1071 3888 55.
1090 3845 1142 3886 art.
1151 3841 1178 3900 9.
1198 3825 1245 3888 Ne
1259 3845 1326 3903 aeto
1335 3833 1569 3900 remotaquadam
1587 3828 1650 3886 huic
1667 3825 1811 3910 literarum

150 3911 179 3956 ta
198 3900 390 3974 intelligatur,
407 3905 536 3974 quamdiu
552 3905 678 3964 condicio
696 3904 808 3973 impleta
829 3919 887 3960 non
905 3916 965 3975 est,
995 3900 1146 3958 remissioni
1164 3901 1200 3958 ad
1217 3899 1393 3980 mandantem
1410 3897 1446 3956 ob
1463 3900 1624 3974 denegatam
1640 3915 1686 3955 acc
1720 3910 1805 3954 tatro-

150 3973 299 4031 reoindum
324 3977 459 4044 propriam
478 3983 605 4036 naturam
633 3971 834 4046 obligationum
851 3987 885 4030 ex
899 3992 967 4031 con·
996 3983 1059 4027 nan
1075 3983 1121 4026 aut
1139 3968 1304 4028 solutionem
1322 3972 1483 4040 insistatur,
1500 3985 1580 4040 atque
1598 3971 1638 4027 ita
1652 3981 1698 4046 tur
1735 3979 1816 4035 ntur,-

148 4040 254 4100 ditione
274 4061 484 4115 smpcusarum,
501 4039 526 4118 d.
546 4046 594 4104 rab
611 4042 756 4103 condidam
773 4041 799 4110 d.
821 4039 912 4101 lacti.
934 4043 966 4100 de
994 4059 1052 4112 qua
1070 4041 1241 4110 paratissima
1257 4059 1314 4100 esse
1329 4035 1448 4110 debent,
1464 4039 1632 4099 cambiorram
1651 4053 1721 4108 tura,
1741 4039 1812 4096 veti·

147 4107 218 4168 verb.
231 4112 305 4190 oiiig.
315 4114 447 4184 Respons.
459 4117 552 4176 lurisc.
564 4111 639 4174 iioii.
651 4129 708 4184 par.
719 4109 744 4170 ὅ.
764 4113 815 4171 vol.
832 4127 860 4169 a.
876 4116 964 4172 conrii.
995 4125 1072 4180 tum,
1088 4125 1126 4166 ne
1141 4109 1241 4168 cambii
1258 4109 1347 4196 lum
1362 4123 1412 4166 aut
1436 4113 1597 4176 mmeaatio
1614 4109 1746 4167 sistantur
1764 4123 1811 4164 seu

148 4179 194 4310 5?-
215 4182 327 4244 loterrrn
355 4189 533 4245 manducatio
550 4186 673 4244 mandati
702 4183 902 4254 susceptionem
917 4184 965 4246 de
996 4193 1163 4238 artarentur
1171 4201 1183 4246 ,·
1200 4181 1255 4238 nisi
1272 4197 1306 4250 rs,
1361 4180 1430 4237 iaaa
1439 4190 1640 4250 acceptaverat,
1656 4197 1688 4236 ae
1705 4185 1733 4234 in
1751 4188 1813 4231 moa

150 4256 295 4327 cinante,
314 4255 430 4316 liberum
456 4259 543 4315 cuivis
569 4268 703 4313 extraneo
717 4266 777 4324 est,
794 4255 903 4312 easdem
919 4271 965 4308 ac·
996 4249 1159 4307 resolvendi
1168 4247 1307 4321 interanea
1393 4251 1448 4320 ipse
1456 4253 1545 4322 amat,
1562 4269 1594 4308 ac
1603 4248 1706 4328 probet,
1723 4263 1811 4330 quan·-

151 4337 269 4400 reptare,
285 4345 339 4401 quo
359 4329 419 4399 ipso
438 4328 470 4398 is,
487 4333 533 4398 qui
554 4325 582 4384 id
600 4321 714 4394 lecerit,
732 4321 900 4396 intelligetur
918 4341 965 4382 ne·
995 4323 1105 4379 citatem
1124 4321 1158 4376 lis
1175 4319 1395 4390 comprehensam
1413 4316 1467 4404 iam
1485 4323 1514 4378 in
1534 4325 1653 4378 rationes
1670 4335 1746 4388 etus,
1762 4335 1807 4400 cua

147 4403 286 4471 gotiorum
303 4411 393 4472 gestor
412 4397 503 4468 illius,
520 4397 572 4468 qui
590 4395 674 4452 literis
700 4393 807 4452 cambii
819 4395 965 4452 orrrdrve-
996 4388 1162 4448 nmnecanda
1178 4403 1237 4448 erat
1255 4388 1292 4448 ab
1307 4396 1468 4463 argentario
1484 4393 1555 4462 apud
1574 4404 1696 4464 mensam
1714 4385 1803 4458 publi·

148 4481 193 4527 rat-
210 4470 396 4538 solutionem,
415 4461 472 4541 a‘rg.
492 4467 511 4524 l.
531 4463 650 4524 rohardo
666 4459 711 4537 59
728 4463 766 4520 dt
778 4465 965 4539 segregaris,
994 4477 1055 4518 cam
1071 4467 1261 4528 transcriptam
1277 4479 1344 4529 esse,
1361 4459 1515 4524 Roseboom
1531 4463 1625 4530 drap.
1635 4459 1678 4517 50.
1695 4473 1803 4513 corma.

143 4559 184 4613 pr.
197 4539 289 4598 lacsir.
317 4537 370 4596 iii.
383 4540 451 4594 mori.
461 4537 564 4596 tollitur
581 4539 714 4611 obligatio,
732 4537 790 4591 slve
800 4547 908 4604 propter
927 4533 962 4587 li·
995 4527 1044 4600 25,
1059 4530 1101 4600 ad,
1121 4543 1164 4601 27.
1251 4599 1259 4614 ·

155 4621 228 4670 teras
245 4559 345 4667 colobii
365 4625 421 4666 non
441 4620 593 4677 acceptator
610 4621 657 4676 per
673 4621 748 4674 eum,
764 4603 800 4662 ad
816 4617 895 4672 quem
913 4603 962 4660 da·
1027 4598 1055 4657 8.
1072 4601 1202 4660 Οεκτυτη
1219 4613 1260 4658 uta
1278 4598 1322 4657 vul
1365 4604 1430 4670 ,ita
1445 4619 1550 4676 quoque
1567 4602 1631 4670 hic,
1647 4598 1809 4656 nunciatum

148 4697 192 4754 ta,
211 4683 244 4750 ia,
262 4683 306 4739 cni
324 4675 427 4738 solutio
444 4670 567 4736 facienda
575 4689 646 4747 erat,
666 4670 719 4742 iam
737 4685 907 4746 protestatur.
918 4675 964 4742 sit,
993 4669 1148 4740 solutionis,
1163 4669 1250 4729 literis
1258 4685 1318 4726 cam
1337 4671 1356 4726 li
1365 4669 1586 4744 comprehensum
1614 4687 1660 4738 per
1674 4669 1818 4724 mandam.

148 4755 206 4814 aive
224 4769 300 4825 non,
317 4763 383 4808 cum
398 4751 430 4809 in
447 4763 511 4809 casu
528 4748 643 4807 necdum
662 4736 964 4816 sacrosanctos
987 4754 1051 4802 tem
1067 4739 1112 4799 vel
1128 4750 1201 4810 earn,
1216 4741 1263 4811 qoi
1281 4741 1427 4801 moieno
1444 4757 1566 4804 nummos
1584 4711 1670 4797 literis
1688 4753 1810 4806 compre·
