3994 5350
470 237 521 304 De
546 237 655 302 Servis
671 236 896 320 exportandis,
916 237 965 300 vel
982 233 1012 298 si
1029 237 1233 319 mancipium
1251 239 1298 300 ita
1318 236 1475 322 venierit,
1492 237 1553 304 lte·
1704 230 1768 303 181

176 337 219 382 tra
236 342 349 400 uroque,
365 327 388 383 sl
405 323 481 397 patto
499 328 527 386 id
545 327 634 388 obium
651 327 697 396 sit,
714 345 870 384 usserman
887 325 976 383 aend-
1006 334 1050 382 tor
1067 326 1149 396 nolit,
1167 325 1297 396 malitque
1313 341 1409 386 contra
1418 341 1552 386 minatam
1572 324 1723 386 venditoris
1738 345 1816 386 men·

174 413 218 454 tus
234 415 394 469 asportetur,
410 401 542 458 servanda
559 415 640 466 usque
657 398 724 456 adeo
740 396 784 454 lex
803 394 876 467 fuit,
893 409 924 454 ut
940 394 977 452 ob
1006 405 1060 451 tem
1077 412 1155 454 servo
1172 395 1328 456 libertatem
1343 398 1418 468 dare,
1436 397 1571 456 venditari
1589 415 1622 456 eo
1639 399 1750 456 nomine
1767 397 1814 456 ni·

174 483 233 524 eam
250 463 411 542 negleibam,
429 473 522 536 preter
541 469 569 525 id
586 467 656 540 quod
674 470 796 537 interest,
812 472 896 528 etiam
913 461 976 524 affe·
1006 461 1046 518 hil
1064 478 1190 533 prestats
1218 469 1247 526 ur
1265 465 1316 522 hoc
1333 481 1373 525 est
1397 467 1469 536 quod
1487 465 1652 536 Papinianus
1677 467 1763 526 voluit
1780 469 1813 524 in

173 531 271 594 ibimus
289 541 395 596 ratione
413 536 485 597 teile
502 537 691 612 agl-plocimon
708 540 753 608 sit,
769 538 787 594 i.
806 557 895 594 sernas
913 549 937 607 7.
948 538 977 593 in
1006 534 1024 588 i·
1034 539 1175 604 qacriraar
1191 531 1218 600 li.
1228 533 1266 608 ff.
1276 535 1301 604 b.
1320 555 1340 592 t.
1350 553 1413 596 cum
1429 543 1478 604 ait,
1495 556 1528 590 os
1547 536 1650 594 uendite
1666 539 1811 606 artiorem,

164 601 221 676 fine
232 604 268 679 ff.
278 607 332 666 b.t.
1006 609 1173 662 manumisso
1190 625 1263 664 servo
1282 612 1326 664 ast
1339 603 1380 677 (id
1396 617 1438 664 est
1455 603 1550 677 etiam)
1567 622 1677 665 mutata
1695 605 1813 666 aradiu-

206 693 232 732 a.
251 674 301 734 E'st
317 679 346 737 dr
364 673 481 747 patiam,
516 675 721 744 uomtntlpium
739 677 777 733 itt
796 681 881 745 tenlt,
898 676 976 733 otiat-
1006 673 1043 726 ris
1061 676 1205 749 voluntate,
1222 679 1405 746 evanuisse,e
1441 697 1475 734 ue
1490 682 1574 734 etiam
1591 679 1726 748 pertinet,
1746 677 1763 734 l.
1787 696 1810 734 r.

169 760 214 802 tea
231 765 334 807 ttrtscm
351 762 460 817 tempus,
479 696 521 804 vil
531 743 695 816 simpliciter,
711 763 743 806 ut
757 749 975 805 manumittatur.
1005 737 1038 814 ff.
1064 749 1111 815 qui
1136 747 1192 801 tine
1210 749 1370 802 manumiss.
1396 766 1415 800 a
1459 743 1545 803 iibrrr.
1561 749 1722 816 permitiunt.
1751 743 1813 806 Nec

170 809 235 886 Quo
245 833 301 873 non
311 815 420 884 impleto
429 819 503 872 intra
511 817 583 874 diem
593 813 763 886 prefinitum,
781 815 835 886 vel,
853 819 875 872 si
892 816 977 872 omis·
1006 810 1106 882 obstat,
1122 815 1194 884 quod
1209 815 1346 886 dominus,
1362 817 1409 884 qui
1427 817 1595 884 procuratori
1611 835 1717 874 servum
1733 833 1811 876 suum

170 899 214 940 mu
230 885 297 958 dies,
314 891 386 942 intra
396 901 498 956 tempus
507 884 571 954 tale,
587 898 640 953 quo
659 885 687 942 id
698 883 754 942 lieri
771 886 912 942 commode
930 903 977 954 po-
1006 881 1118 939 dederat
1137 880 1394 957 manumittendum,
1410 900 1514 944 mutare
1530 886 1678 944 consilium
1692 905 1754 944 cum
1771 885 1813 944 el-

168 958 280 1024 miset,
299 953 432 1024 ipso-jure
457 973 549 1012 servus
566 967 613 1010 aut
631 953 732 1009 ancilla
758 957 796 1012 sic
815 956 925 1012 vendita
941 960 977 1015 ad
1007 947 1077 1010 fectu
1096 956 1196 1026 possit,
1214 959 1242 1015 dr
1262 956 1391 1020 impedire
1407 953 1565 1014 libertatem
1591 958 1705 1014 necdum
1721 955 1808 1014 colia·

165 1017 328 1082 ,libertatern
338 1025 512 1094 perduciturs
529 1024 597 1081 odeo
605 1036 635 1080 ut
645 1023 769 1092 deinceps
787 1041 842 1080 non
861 1027 894 1083 de
911 1043 976 1094 prae-
1007 1035 1073 1090 tam,
1092 1024 1143 1078 dri
1158 1030 1216 1092 aaa
1235 1025 1318 1080 alicui
1335 1017 1555 1098 27.§.siseroum
1576 1043 1598 1082 r.
1609 1027 1628 1082 i.
1637 1029 1662 1083 si
1678 1025 1810 1084 bominem

173 1094 271 1152 manda
287 1093 339 1151 sibl
357 1093 492 1165 libertate,
511 1110 569 1162 que
586 1111 620 1150 ex
628 1095 828 1151 constitutione
848 1091 899 1162 jam
917 1109 976 1151 erat
1006 1083 1088 1160 3o-ffl
1095 1093 1230 1152 mandati.
1249 1093 1312 1151 utu
1330 1101 1406 1151 enim
1424 1095 1556 1164 mandati,
1570 1093 1626 1152 aila
1645 1097 1812 1155 venditionis

167 1162 297 1285 pumirs,
325 1165 372 1222 sed
389 1165 423 1222 de
439 1163 553 1220 obtenta
578 1158 766 1233 defendenda,
784 1164 976 1232 experiundum
1006 1177 1083 1218 causa
1102 1175 1157 1221 est:
1175 1177 1233 1233 post
1244 1159 1393 1242 perfruam
1412 1162 1596 1222 venditionem
1623 1165 1693 1223 nihil
1709 1165 1812 1226 alteru·

179 1234 259 1304 uerit,
276 1235 305 1293 dr
323 1245 415 1302 partus
432 1232 548 1304 ancilla,
566 1245 625 1301 post
643 1249 746 1290 moram
763 1231 799 1288 ab
816 1245 917 1290 emtore
934 1229 976 1291 fa·
1006 1241 1051 1285 tro
1068 1232 1167 1302 invito,
1186 1236 1231 1290 cui
1242 1237 1431 1300 rusqunsitum
1447 1249 1497 1304 est,
1515 1253 1560 1304 per
1578 1235 1694 1294 alterum
1712 1237 1813 1294 immu-

165 1299 237 1362 itam
255 1315 417 1373 procreatus,
435 1302 504 1361 liber
520 1307 547 1361 dr
567 1306 697 1376 ingenuus
706 1307 779 1358 nasci
798 1301 976 1375 intelligatur,
1005 1299 1059 1356 tari
1075 1311 1173 1372 potest,
1190 1302 1208 1358 l.
1227 1305 1294 1358 sicar
1311 1304 1388 1358 initio
1405 1303 1432 1358 5.
1450 1302 1479 1359 C.
1492 1301 1604 1379 deoblig.
1623 1305 1759 1368 &oiim
1777 1323 1811 1367 ea

166 1388 200 1428 ert
218 1374 414 1430 constitutione
429 1369 467 1438 D.
487 1369 584 1439 Marci,
603 1389 653 1441 qua
671 1373 828 1443 derogatum
845 1369 897 1429 suit
916 1375 973 1442 pla-
1005 1369 1135 1436 pecularis
1153 1374 1276 1432 mandati
1294 1383 1392 1430 natura
1407 1385 1458 1442 est,
1476 1385 1507 1429 ut
1524 1373 1653 1444 quamdiu
1672 1375 1737 1434 illud
1757 1378 1809 1432 lm-

165 1443 224 1495 cito
241 1437 376 1500 Hadriani
415 1445 655 1500 manumissionem
672 1440 723 1498 hoc
740 1459 805 1499 casu
821 1446 867 1498 ex·
885 1444 974 1516 entis,
1005 1435 1106 1506 piatum
1122 1460 1179 1498 non
1198 1457 1247 1512 est,
1264 1444 1381 1514 adeoque
1399 1442 1514 1499 necdum
1551 1441 1663 1502 libertas
1689 1443 1812 1517 tributa,

169 1507 222 1565 ici
238 1513 303 1581 q'uir
315 1510 367 1568 boe
382 1483 436 1583 iege
453 1507 480 1566 3.
499 1513 518 1568 i.
528 1505 620 1579 nit-ff
628 1510 653 1566 b.
662 1527 682 1566 t.
694 1511 712 1566 i.
735 1528 757 1567 t.
776 1528 803 1566 a.
822 1507 848 1570 ὅ,
859 1459 894 1580 ΙΞ.
935 1515 975 1571 .ri
1004 1505 1074 1566 teile
1092 1526 1240 1584 patoretur,
1257 1506 1362 1584 §.rrttr
1379 1521 1406 1582 9.
1418 1510 1551 1568 Institor
1568 1513 1704 1573 mandato.

170 1582 284 1650 mancip.
295 1583 335 1637 ito
347 1578 555 1654 fiteritolienot.
574 1596 604 1636 ut
622 1584 770 1638 rnasnumit.¹
785 1582 889 1638 etianul
907 1601 973 1642 ven·
1035 1573 1368 1640 &maturassemus
1387 1578 1494 1650 pettam
1505 1582 1622 1640 alterum
1640 1586 1723 1651 priori
1741 1602 1808 1642 con·

163 1648 240 1708 ditor¹
253 1652 283 1705 in
301 1667 392 1707 cantra
410 1665 567 1709 nonsecutae
583 1652 801 1708 manumissionis
818 1663 919 1708 certam
936 1654 973 1710 si·
1002 1647 1128 1718 tretium,
1145 1671 1177 1706 ne
1196 1655 1359 1720 mancipium
1379 1651 1613 1710 manumittatur:
1629 1649 1702 1724 cuius
1720 1672 1752 1714 ea
1770 1658 1812 1714 vis

165 1715 193 1772 bi
211 1735 317 1788 poenam
333 1715 425 1788 pactus
441 1733 528 1787 essett
553 1738 616 1778 cum
634 1720 810 1778 nihilominus
828 1715 973 1780 tta'servas
1002 1730 1052 1786 est,
1069 1731 1100 1776 ut
1118 1719 1167 1777 neo'
1188 1725 1250 1776 vivo
1268 1739 1317 1777 nec
1334 1733 1443 1778 mortuo
1462 1723 1603 1781 venatore
1619 1728 1813 1784 manumittere

164 1785 231 1845 liber
250 1785 307 1862 dot,
324 1808 356 1846 ac
374 1793 397 1846 si
414 1795 471 1848 sine
490 1787 728 1862 mnaadfeilione
744 1787 889 1848 distraitus
906 1789 972 1848 ints·
1002 1784 1092 1858 liceat,
1108 1786 1131 1844 si
1147 1795 1218 1847 servi
1235 1789 1363 1862 puniendi
1374 1793 1593 1862 gratiaconditio
1610 1792 1657 1850 illa
1674 1795 1810 1864 adscripta

164 1867 208 1914 set
227 1861 484 1930 manumittendus‚
511 1874 631 1918 cessante
649 1859 683 1918 ob
703 1857 823 1915 saniorem
839 1857 973 1919 libertatis
1002 1855 1147 1937 probetur,
1164 1861 1191 1918 br
1209 1859 1366 1927 interposito
1384 1873 1481 1914 contra
1509 1858 1617 1934 podium
1633 1866 1808 1923 manumissio

165 1943 247 1995 poenae
264 1928 416 2001 exsiliens,
433 1931 451 1986 l.
462 1931 512 1987 ult.
527 1929 590 1987 Cb.
601 1947 622 1986 t.
641 1928 671 1986 Si
690 1931 772 1988 modo
788 1925 874 1998 major
892 1932 972 1988 annis
1002 1925 1061 1995 ipso
1078 1945 1135 1996 pure
1153 1927 1227 1984 nulla
1243 1933 1288 1998 sit,
1305 1929 1416 2000 ideoque
1434 1946 1482 1986 uec
1534 1950 1572 1988 na
1621 1935 1695 2006 titio,
1711 1939 1808 2003 siqua

163 1996 262 2082 viginti
287 2015 394 2057 servum
411 2017 487 2058 suum
513 2017 544 2058 ea
563 2000 714 2057 vendiderit
741 2001 914 2060 conditione:
942 2003 972 2059 in
1003 1999 1032 2053 iu
1050 2014 1142 2054 casum
1162 1994 1467 2068 violatipuiiiapposita
1497 2005 1576 2072 uerit,
1603 2020 1682 2060 ocum
1700 2001 1810 2075 babeat,
1841 2015 1850 2020 '

162 2083 272 2124 rnrnare
288 2075 361 2126 enim
379 2069 415 2124 ob
432 2069 577 2126 consilium
598 2068 654 2140 ejus
672 2087 765 2138 parum
783 2065 916 2126 firmuml
950 2075 971 2128 is
1001 2066 1065 2122 ica
1082 2064 1186 2138 quidem
1205 2067 1473 2136 denarrantur
1483 2063 1570 2141 ficcrit
1588 2073 1809 2131 alienonutma·

164 2135 253 2196 AEliu
271 2137 369 2198 Sentit
387 2137 529 2197 auiloritas
556 2139 626 2197 hanc
645 2138 856 2196 manunittendl
874 2156 907 2195 co
948 2141 969 2196 i-
1003 2137 1202 2194 nomitt.i.ult.
1216 2139 1356 2205 &quinon
1369 2152 1483 2208 possunt.
1494 2136 1624 2198 aritiam.
1633 2159 1736 2212 pernen.
1745 2144 1763 2200 l.
1775 2145 1810 2211 ic,

162 2211 264 2265 tionem
283 2211 408 2269 inutilem
424 2209 533 2282 effecit,
551 2209 613 2268 licet
633 2210 662 2264 in
679 2209 708 2266 id
726 2219 829 2277 tempus
847 2208 969 2282 dilatant,
999 2209 1044 2275 qui
1062 2208 1116 2263 sois
1134 2200 1197 2280 dp.
1208 2208 1236 2264 t'n
1253 2207 1308 2264 illic
1326 2209 1478 2277 paruam
1492 2207 1602 2283 bacinga
1619 2209 1729 2282 9.ff.aia
1747 2233 1810 2269 ma-

160 2293 179 2342 q
198 2295 215 2334 ο
234 2281 359 2338 venditor
377 2281 575 2350 annosviginti
593 2278 767 2348 explevissem
785 2278 803 2335 l.
815 2278 979 2350 sr'mirporrl.¹
998 2278 1152 2332 aumissian.
1389 2339 1392 2346 ¹

152 2295 197 2414 ffb
209 2347 266 2404 b.t.
279 2347 359 2416 iunii.
397 2349 517 2406 .codrm
535 2351 587 2424 loge
604 2344 630 2404 3.
650 2348 739 2404 instit.
758 2347 828 2420 quib.
849 2369 966 2407 meaos.
1032 2343 1171 2413 luPotest
1190 2362 1292 2416 quoque
1310 2343 1416 2414 portura
1433 2345 1506 2416 addi,
1515 2368 1548 2403 ne
1558 2349 1658 2406 ancilia
1667 2357 1809 2422 prostitua-

155 2424 303 2476 monumit.
322 2439 373 2475 non
391 2420 459 2476 licet.
487 2417 547 2478 Nec
566 2417 701 2476 venditori
720 2415 833 2474 liberum
851 2429 890 2474 est
908 2435 965 2490 past
994 2429 1062 2483 tort
1079 2417 1149 2486 quod
1166 2432 1227 2472 casu
1245 2427 1339 2472 contra
1358 2414 1509 2485 pailianem
1536 2419 1620 2476 etiam
1637 2435 1702 2478 tunc
1719 2435 1809 2482 emtor

155 2483 258 2554 lapsum
276 2501 397 2559 tempus,
414 2490 490 2546 intra
516 2489 587 2558 quod
614 2486 786 2544 manumissio
815 2491 963 2561 peragenda
996 2485 1100 2544 venisse
1119 2485 1239 2554 videtur,
1256 2502 1318 2542 cunr
1336 2503 1395 2542 eam
1412 2483 1462 2542 sub
1478 2494 1564 2554 specie
1581 2491 1759 2550 ministrandi
1776 2491 1808 2546 in

154 2570 223 2634 grat,
241 2557 312 2617 hanc
322 2576 446 2617 rmoeare
455 2559 667 2618 manumittendi
676 2559 886 2624 conditionem
903 2576 964 2616 cum
994 2571 1117 2626 caupona
1134 2553 1426 2626 ostentaturum
1443 2551 1471 2613 6.
1483 2551 1520 2624 ff.
1539 2555 1565 2612 i.
1582 2575 1602 2614 t.
1618 2577 1665 2618 rar.
1685 2564 1728 2618 tir.
1746 2563 1773 2618 C.
1784 2560 1808 2616 si

153 2639 213 2694 pam
231 2625 288 2697 ipso
307 2626 363 2697 jure
380 2629 492 2686 libertas
508 2645 587 2687 serva
612 2637 764 2696 competere
781 2631 912 2698 coeperit,
930 2630 961 2686 in
993 2627 1156 2694 mancipium
1174 2628 1215 2679 ito
1233 2627 1353 2690 venierit,
1371 2646 1404 2682 ne
1420 2626 1603 2700 prostituatur,
1620 2625 1704 2699 iunii.
1723 2631 1808 2703 i-qoae

155 2707 289 2763 posterum
306 2703 331 2757 ei
350 2698 461 2758 firmiter
488 2697 629 2758 asserenda
646 2715 679 2753 uc
695 2693 885 2770 defendenda,
901 2713 960 2770 arg.
993 2692 1156 2751 adulterium
1174 2707 1216 2820 23.
1227 2695 1254 2750 C.
1268 2693 1358 2768 ordleg.
1371 2694 1425 2751 tal.
1437 2691 1467 2748 de
1485 2693 1600 2753 adulter.
1618 2700 1722 2757 Contra
1742 2713 1808 2758 vero

150 2764 205 2823 eil.
219 2785 241 2826 r.
255 2761 873 2841 tafiarmuttarpacatmarctpar.rapiaris
894 2768 962 2824 olie-
992 2761 1132 2832 reprobato
1150 2781 1181 2833 pa
1211 2781 1236 2834 a,
1272 2783 1312 2822 ue
1330 2769 1358 2820 in
1378 2783 1406 2822 se
1424 2763 1627 2844 turpitudinem
1644 2781 1692 2826 aut
1709 2771 1806 2830 crude·
1884 2823 1888 2832 ,

150 2851 208 2891 nar.
220 2855 384 2896 maronam.
402 2837 487 2896 Plane
504 2851 646 2908 antequam
657 2839 760 2898 venerit
778 2848 883 2905 tempus
902 2853 960 2894 ms-
990 2831 1095 2890 litatem
1103 2785 1398 2902 continenrbonaque
1410 2829 1804 2908 morrbusadversantumqua-

151 2909 327 2978 numittendi,
346 2909 505 2976 poenitentia
521 2907 726 2967 &conditionis
744 2906 901 2965 revocandos
918 2903 959 2964 fa·
990 2899 1026 2957 lia
1044 2916 1118 2972 sunt,
1136 2917 1166 2958 ut
1182 2872 1283 2986 anciila
1299 2905 1489 2987 prostituatur,
1507 2921 1563 2978 arg.
1583 2909 1600 2964 i.
1615 2924 1638 2964 r.
1658 2905 1721 2964 ιδ,
1732 2909 1761 2965 C.
1780 2914 1805 2966 si

151 2975 238 3034 cultas
258 2979 393 3036 venditori
412 2983 540 3047 permissa
556 2990 596 3037 est
632 2970 905 3046 adrumeticum,
924 2996 959 3037 ne
989 2974 1152 3040 mancipito
1171 2987 1290 3041 orareru,
1307 2991 1340 3027 ne
1353 2987 1452 3048 prostat.
1472 2982 1502 3028 ut
1517 2995 1609 3034 servus
1626 2995 1689 3035 curn
1705 2977 1802 3036 bestiis

149 3044 208 3112 ipso
226 3043 281 3114 iure
293 3066 338 3116 per
356 3054 482 3118 temporis
493 3046 594 3117 lapsum
607 3019 805 3106 libertasservo
823 3056 957 3116 timeatur,
988 3041 1131 3114 depugnet,
1147 3053 1194 3098 aut
1213 3042 1247 3096 iis
1265 3040 1418 3111 obiiciatur,
1435 3053 1579 3116 castretur,
1597 3049 1649 3106 dac.
1668 3047 1686 3102 l.
1702 3047 1807 3106 domini

151 3131 221 3172 neve
235 3127 332 3187 emtor,
351 3135 407 3172 non
426 3119 629 3188 manumittens,
651 3113 830 3174 venditorisd
848 3115 877 3173 id
886 3117 957 3190 quod
991 3122 1072 3182 nique
1088 3111 1170 3182 duff-
1182 3109 1339 3169 narraras.
1351 3127 1412 3167 cnrr.
1432 3110 1450 3166 i·
1462 3113 1494 3183 it,
1505 3120 1550 3186 qai
1561 3137 1668 3174 ssraum
1684 3113 1709 3174 o.
1722 3115 1804 3176 dcir-

147 3187 261 3242 intesest
271 3181 413 3244 obstciilus
430 3187 475 3256 sit,
486 3187 503 3242 i.
518 3203 544 3243 1.·
550 3188 578 3242 C.
590 3187 616 3243 d.
626 3189 644 3244 l.
660 3203 683 3242 ι.
694 3182 772 3241 Cdo.
782 3183 800 3240 l.
811 3187 835 3239 ci
843 3184 958 3254 quiriae
987 3181 1132 3242 cumcidere
1148 3198 1163 3250 r
1171 3199 1193 3238 r.
1203 3175 1231 3252 §-
1246 3197 1269 3238 ι.
1279 3196 1302 3236 a.
1309 3179 1344 3252 ff.
1355 3180 1396 3237 ad
1401 3183 1447 3254 leg.
1458 3181 1549 3240 Coraci
1553 3226 1558 3240 .
1568 3187 1600 3242 ds
1618 3190 1701 3243 citor.

149 3249 275 3328 legebff.
284 3255 336 3314 ba.
356 3255 410 3315 Sed
420 3261 442 3312 si
453 3256 601 3316 voluntatis
609 3257 793 3314 mutationem
810 3259 885 3325 sequi
900 3271 956 3314 em-
1074 3286 1080 3297 ·

162 3415 1812 3447 mmm-*vum*

349 3507 665 3614 iruna
748 3457 1613 3617 Nouusnncrnrus

742 3725 744 3730 ’
786 3715 1161 3754 “NR-²·-

321 3818 350 3876 Τ
383 3817 396 3877 i
429 3817 520 3889 ‘1¹‚U
553 3817 582 3880 [a
614 3820 642 3881 U
675 3818 700 3881 S
750 3817 775 3878 L
1000 3817 1028 3880 5.
1048 3819 1151 3877 Petitur
1169 3815 1219 3874 doc
1236 3816 1345 3874 odilone
1358 3813 1468 3874 traditio
1494 3815 1537 3874 cei
1549 3813 1586 3878 Θ
1601 3817 1805 3884 accessionum,-

654 3905 656 3912 ’
1069 3887 1206 3959 uondapue
1224 3889 1308 3943 ctiam
1325 3889 1460 3956 pretium.

273 3949 324 4011 ΒΘ
339 3943 506 4010 ³⁶²1⁰¹¹ibu⁵
528 3949 612 4010 Emli
635 3947 670 4016 δί
691 3945 825 4014 Ῡθῦἀῖῑῖ·
971 4025 972 4028 ¹
1002 3959 1032 4032 d.
1047 3909 1148 4016 iiorreo
1165 3956 1289 4026 vendito,
1306 3954 1390 4018 on&
1404 3948 1503 4011 dolio?
1520 3953 1612 4016 Farris
1630 3955 1735 4018 vendito
1762 3973 1800 4011 on

678 4085 681 4093 .
982 4047 985 4052 “
1056 4029 1089 4090 (5
1107 4023 1207 4084 datia?
1222 4023 1299 4098 Quid
1306 4025 1382 4093 jarr'r
1400 4029 1423 4082 si
1433 4023 1465 4079 r'd
1478 4023 1581 4096 olium,
1592 4025 1702 4083 ordalia
1711 3995 1805 4136 {itudo

406 4081 675 4143 SVMMAMA
687 4127 698 4142 ·¹
912 4147 914 4150 .
1059 4089 1213 4154 accedant?
1240 4096 1306 4168 Qun
1333 4109 1472 4151 transcant
1492 4090 1581 4163 fundo
1599 4095 1715 4166 vendito,
1752 4093 1806 4151 Are

161 4189 191 4228 ¹··
203 4169 287 4228 Ami
304 4169 374 4226 ‘mli'
386 4175 432 4227 ‘m'
447 4168 549 4226 dilui?
561 4171 612 4227 A»
626 4169 659 4233 iti
677 4169 781 4228 demitto
798 4168 876 4242 tujttt
893 4181 954 4237 prt‘
1055 4167 1241 4236 sterculinum,
1257 4162 1327 4237 quod
1335 4160 1454 4237 infrenem
1471 4158 1538 4220 ert?
1553 4167 1602 4222 An
1613 4183 1685 4229 ,recta
1703 4163 1737 4228 θ
1755 4184 1806 4220 ce·

212 4255 316 4298 carator
333 4234 426 4294 emit?
452 4239 500 4294 A‘n
518 4241 566 4296 oni
583 4259 614 4295 ert
629 4237 744 4310 pluribus
763 4239 846 4297 timui
862 4256 952 4309 emen·
1056 4234 1115 4292 so!
1133 4253 1170 4291 en
1184 4239 1266 4303 pisces
1284 4232 1398 4291 studiose
1415 4236 1443 4290 itt
1459 4233 1590 4302 piscinam
1608 4227 1746 4308 conjsiii?

214 4309 308 4380 silas,
322 4311 365 4368 art
380 4312 428 4368 uni
444 4327 477 4364 stt
491 4307 607 4378 piaribu
626 4315 704 4368 unius
722 4311 828 4365 centoris
846 4303 955 4364 heredi«
1003 4305 1032 4368 5.
1048 4303 1172 4372 Venditis
1190 4301 1308 4374 odibat,
1335 4323 1456 4377 quonam
1474 4319 1602 4360 emtorem
1630 4327 1658 4361 se
1674 4299 1801 4362 namur?

214 4378 263 4436 buc
282 4379 324 4434 ad
335 4395 440 4449 partem
458 4382 518 4449 rei,-
541 4383 565 4436 ti
581 4373 675 4450 efflent
692 4395 800 4449 portem
811 4379 889 4448 pretii
907 4391 975 4446 pro¹
1057 4393 1095 4432 an
1113 4373 1150 4437 δ’
1165 4373 1233 4432 barti
1259 4373 1292 4436 (u
1310 4370 1505 4431 rcabaiaina
1538 4395 1584 4431 nrt
1603 4395 1645 4430 ms
1666 4396 1695 4432 ta
1748 4375 1805 4430 rie·

212 4445 304 4505 soto?
873 4471 876 4478 ·
962 4453 964 4456 ’
1058 4449 1092 4504 tir
1122 4442 1290 4515 intermedii,
1317 4446 1341 4500 si
1359 4440 1476 4500 venditor
1521 4464 1570 4500 uos
1588 4442 1677 4501 domos
1721 4442 1802 4500 abens

156 4535 181 4576 a.
200 4517 299 4576 Detur
311 4534 402 4576 contro
420 4517 591 4590 uenditorem,
605 4522 695 4576 etiam
708 4515 846 4576 darriaarn
861 4529 956 4583 procot-
1058 4517 1209 4589 contiguos,
1227 4533 1316 4571 cenom
1331 4509 1454 4570 vendat?
1472 4513 1649 4572 Recententur
1665 4513 1806 4584 piurima,
1888 4535 1894 4542 “

200 4591 308 4645 ¹tortoris
322 4585 480 4645 'noemmin
508 4591 556 4646 An
574 4593 598 4646 si
614 4591 699 4659 plures
717 4587 771 4647 sint
790 4585 956 4656 ardicam,
1061 4603 1115 4658 qnae
1131 4585 1225 4641 emtori
1243 4583 1348 4653 cerium,
1367 4599 1397 4640 ut
1417 4579 1529 4655 malta,
1546 4603 1606 4656 que
1620 4583 1665 4639 aa*
1675 4599 1805 4642 amtorem

207 4658 254 4722 ‚rael
266 4658 356 4728 piures
374 4661 453 4716 arrius
471 4659 615 4718 arrdirarir
631 4656 739 4716 brrcdrr
750 4695 765 4727 ,Δ
778 4676 848 4714 onus
866 4661 896 4714 irt
913 4675 954 4711 ro·
1060 4675 1112 4712 non
1129 4668 1268 4712 transeunt
1286 4672 1348 4710 cum
1365 4653 1450 4710 narra.

209 4725 298 4786 lidum
314 4731 446 4786 conveniri
458 4727 555 4803 poscit,
573 4733 679 4790 stratas
697 4747 755 4787 rem
771 4725 909 4788 uratum
927 4725 955 4780 io
1007 4719 1034 4783 6.
1052 4726 1117 4794 Aa,
1136 4721 1169 4786 dt
1184 4719 1291 4851 grando
1307 4723 1432 4791 predium
1450 4705 1653 4782 rarctcara'art
1668 4721 1805 4780 arianam

1200 4809 1244 4852 eat
1259 4789 1542 4860 diecumoboneribor
1560 4791 1737 4853 servitutum?
1755 4795 1806 4852 An

212 4797 329 4874 &sidunt
340 4797 500 4872 porcinus?
688 4857 698 4876 ,
1061 4790 1135 4853 cradi
1151 4792 1183 4851 de
