4026 5360
1231 135 1237 160 Ι

486 305 500 319 ,,
649 247 700 312 De
720 247 879 335 judiciis,
905 245 936 318 id
961 253 1017 317 ubi
1042 251 1175 334 quisque
1193 246 1252 317 tte.
1711 248 1733 320 5

192 355 237 398 ιιι
255 339 285 396 iss
299 333 428 410 flagranti
444 335 557 414 deliiio,
576 351 625 395 atet
633 336 768 414 sagitient
791 343 834 398 sit.
862 342 940 415 Quid
966 341 1008 402 tt.
1027 343 1087 400 Non
1100 343 1259 418 posest'fieri
1285 345 1446 412 reconventio
1471 339 1545 412 apud
1560 340 1678 412 judices-
1696 349 1782 422 tales,

191 414 217 467 si
232 409 383 467 Hellandus
402 425 477 466 extra
494 405 671 466 Hotlandiam
688 406 850 482 deliquerit?
1036 417 1082 487 qui
1099 416 1128 470 in
1145 435 1178 470 ea
1196 433 1299 483 causa,
1318 412 1349 468 de
1366 433 1420 486 pua
1430 411 1468 486 fis
1491 431 1587 472 mutua
1612 419 1719 488 petitio,
1746 437 1781 475 ne

120 479 167 558 69.
183 484 232 540 Ast
249 479 306 553 quis
324 483 443 536 criminis
464 485 588 538 accusari
601 484 680 550 possit
697 486 727 540 in
744 489 817 555 loco,
835 484 864 539 in
889 502 937 556 pest
1004 499 1019 512 ³
1038 504 1071 542 ιι
1087 488 1192 553 speciali
1208 483 1506 570 quidem'prorogotiene
1519 501 1620 554 possent
1636 503 1781 629 ιιῐιὶιζῖιιιι-

192 550 344 609 immobisia
363 552 460 624 babes,
479 555 504 609 si
520 549 557 609 ibi
573 571 625 608 seon
642 552 796 626 desipuerit,
813 572 861 610 nec
887 569 936 628 up-
1037 572 1075 613 tes
1089 576 1163 611 esse:
1180 553 1214 617 (tl
1231 553 1298 627 qnid
1313 559 1409 630 jures,
1435 559 1460 612 si
1484 561 1645 613 reconventio

207 621 329 680 rebensus
348 626 399 702 sit,
417 635 464 678 net
482 622 646 680 domicisitem
654 619 778 696 sbveat?
805 647 808 654 ¹
981 654 990 668 ·
1035 628 1139 699 majore
1156 627 1325 698 quantitate,
1341 641 1498 696 potestatem
1516 627 1589 701 vulgo
1615 627 1781 686 excedente?

119 709 164 767 70.
182 638 430 762 incontinentes·
448 697 599 764 mulsiptiois
618 697 648 750 ist
665 695 936 766 retaccusandopre-
965 694 1010 761 86.
1027 699 1076 754 An
1103 699 1293 754 reconventioni
1320 699 1415 768 locus,
1443 695 1489 754 ubi
1523 714 1572 753 tart
1585 717 1630 754 um
1659 716 1779 757 extraor-

189 765 307 826 ttentioni
323 765 392 820 locus
419 779 477 821 est.
505 767 573 840 Quis
599 782 738 824 censeatur
758 761 937 835 prevenisse?
1038 767 1146 825 dinatio
1158 766 1195 840 fit
1222 769 1368 834 imploratio
1395 763 1477 840 usficii
1497 767 1620 840 judicis,
1646 789 1701 840 pue
1726 791 1779 828 nost

192 832 272 909 Quid
286 836 310 888 si
326 853 393 890 tentet
409 838 480 904 prins
497 838 623 893 citaverit
641 835 753 906 edillis,
771 837 841 893 alter
858 858 935 896 reum
1033 841 1146 894 continet
1163 837 1249 894 ullam
1269 840 1345 911 juris
1368 843 1593 912 persecutionem,
1620 841 1719 914 veluti,
1746 857 1779 902 ut

187 921 279 976 posteo
296 903 510 974 apprehenderit?
536 904 613 980 Quid
636 911 660 962 si
685 927 754 964 tenses
781 910 810 964 in
836 913 935 966 crimen
1036 926 1146 967 tanturn
1162 898 1308 964 insinuatio
1324 908 1404 966 alteri
1413 903 1496 980 fiat?
1512 929 1550 964 att
1567 911 1597 966 in
1620 913 1779 968 summariis

116 977 133 1008 ·’
193 977 372 1048 inquisiverit,
391 982 458 1034 alter
475 975 536 1034 dein
553 975 648 1034 edoctis
664 977 789 1035 citaverit
807 983 934 1048 antepri·
1034 977 1068 1042 (05
1081 980 1251 1052 privilegiatis
1268 981 1357 1035 censis
1375 978 1537 1040 reconvenit·
1552 1000 1586 1036 est
1613 1000 1698 1042 causa
1724 1001 1778 1039 nort
1864 977 1870 993 ¹

193 1065 270 1102 entem
286 1043 493 1117 inquirentem?
1031 1044 1229 1124 pristiegiata?
1246 1067 1283 1103 art
1300 1045 1334 1110 (t
1356 1065 1419 1107 tunt
1446 1067 1559 1120 utraque
1583 1072 1668 1109 tauta
1694 1053 1780 1112 simul

117 1129 166 1187 7¹·
184 1115 355 1172 Ravenioni
372 1119 456 1173 eiam
473 1119 561 1185 locus,
580 1138 642 1178 cum
660 1122 689 1176 in
702 1116 935 1189 confinioduotum
1034 1118 1207 1178 terminanda
1224 1111 1286 1175 sit?
1303 1117 1471 1192 Quidjuris,
1489 1122 1513 1176 st·
1530 1139 1775 1194 utraquesumrna-

189 1189 381 1244 territoriorum
403 1193 503 1245 crimen
525 1203 703 1261 perpetratum
728 1205 784 1245 est.
811 1191 840 1246 Si
867 1193 935 1247 inter
1033 1195 1077 1248 eia
1095 1183 1158 1246 stt?
1333 1203 1339 1216 ·
1471 1224 1476 1240 ·

187 1253 253 1314 duos
270 1255 303 1310 de
314 1258 503 1328 jurisdio‘lione
520 1263 658 1320 criminali
672 1261 779 1332 questio
802 1261 862 1324 sit,¹
888 1278 934 1317 nec
963 1255 1007 1333 87.
1025 1258 1148 1317 Moribus
1165 1261 1326 1318 reconventio
1343 1258 1465 1317 admisso
1483 1264 1512 1318 irs
1540 1261 1687 1320 interdibiis
1712 1260 1775 1320 adi·

188 1324 263 1384 breti
270 1325 406 1402 finiatur,
419 1330 506 1402 judeos
524 1352 633 1405 utroque
649 1333 763 1401 superior
780 1331 822 1386 ad
844 1351 873 1388 se
897 1331 909 1386 l
914 1332 919 1345 '
1032 1331 1156 1402 piscenda
1170 1331 1355 1402 possessionis,
1373 1351 1423 1387 nost
1441 1334 1505 1388 item
1522 1335 1552 1389 in
1569 1333 1715 1394 interdiblis
1732 1353 1775 1390 re-

189 1415 245 1454 tem
263 1400 433 1456 criminatem
450 1421 558 1459 evocare
571 1419 662 1474 potest.
1033 1399 1182 1471 superanda
1195 1403 1379 1474 possessionis,
1396 1420 1449 1464 nec,
1460 1405 1589 1460 intcausa
1599 1401 1700 1478 froila
1711 1449 1713 1456 s
1723 1418 1775 1474 pa-

117 1483 160 1542 71.
179 1469 284 1544 Qualia
302 1469 418 1525 crimina
436 1471 550 1529 moribus
568 1477 662 1531 nostris
680 1495 733 1533 non
749 1472 803 1528 nisi
820 1490 839 1526 a
849 1471 933 1528 'tersis
1034 1476 1072 1530 cis
1088 1469 1203 1543 publice.

185 1535 325 1611 judicibus
343 1545 452 1598 coerceri
468 1540 590 1612 possint?
607 1550 752 1604 remissive.
961 1541 1004 1602 88
1022 1543 1127 1613 Proper
1143 1561 1209 1613 quat
1226 1544 1360 1614 taliones,
1377 1537 1412 1606 Θ
1428 1541 1520 1614 put'but
1537 1547 1567 1600 ἰι
1585 1547 1673 1601 causis
1683 1542 1786 1616 judw·

116 1604 164 1683 75.
183 1609 316 1684 Quomodo
334 1613 436 1668 ratione
453 1617 603 1674 contrabius
620 1620 677 1688 quis
695 1619 823 1674 sortiatur
837 1607 932 1686 florum
1024 1618 1108 1685 possit
1124 1630 1269 1669 terminare
1286 1633 1399 1672 cautam
1416 1617 1591 1672 conventionis
1616 1633 1681 1671 ante
1707 1635 1775 1672 cau·

188 1695 352 1754 composino,
369 1681 403 1745 (¹5
420 1683 465 1741 ubi
481 1689 588 1759 quisque
604 1705 742 1747 censeatur
758 1684 931 1752 contraxisse,
978 1743 983 1753 ,
1033 1703 1095 1741 sam
1111 1687 1331 1760 netnuntonts,
1348 1677 1776 1756 ottaeteltoesssstemportbos?

187 1753 273 1822 siper
291 1753 382 1809 ties-as
399 1773 536 1814 consensus
555 1757 707 1816 deseratus
724 1758 777 1826 sit,
801 1755 844 1810 vel
867 1750 933 1809 alibi
1030 1753 1219 1813 condemnatus
1236 1771 1329 1812 tamen
1345 1775 1379 1810 est
1395 1757 1559 1812 conversione
1573 1771 1653 1823 potest
1672 1754 1718 1828 id,
1746 1759 1775 1813 in

189 1839 327 1880 consensus
345 1825 528 1900 interpositus,
546 1825 615 1884 alibi
638 1831 844 1888 instrumentum
871 1843 930 1880 can·
1030 1823 1102 1898 quod
1115 1825 1261 1883 damnatus
1280 1842 1336 1899 est,
1354 1825 1476 1893 deponere
1492 1823 1566 1895 apud
1573 1825 1695 1896 judicem
1704 1867 1714 1900 ,
1739 1825 1774 1892 Θ

188 1895 315 1963 striptstm
333 1897 390 1961 sit,-
407 1899 450 1951 vel
465 1898 533 1956 alibi
547 1899 713 1958 contrabium
723 1941 732 1972 ,
742 1893 838 1954 sedad
846 1895 930 1950 locum
1030 1912 1164 1954 errestere
1178 1909 1222 1964 pro
1234 1913 1332 1962 ,eventu
1350 1898 1406 1954 lltis
1424 1899 1453 1952 in
1470 1899 1670 1954 reconventione.

93 2003 105 2026 e
189 1964 277 2033 aium
293 1961 458 2023 destinaum
474 1973 511 2026 rit
536 1971 735 2040 implementum
755 1958 932 2024 contradices?
960 1962 1005 2040 89.
1024 1968 1203 2025 Reconventus
1220 1985 1271 2022 non
1293 1981 1377 2035 petest
1402 1967 1499 2022 iterum
1527 1965 1670 2024 secundam
1689 1961 1772 2037 face-

116 2031 162 2108 76.
180 2033 229 2093 Ubi
246 2035 317 2090 aiiio
335 2040 439 2108 tutela,
458 2040 503 2097 vel
516 2039 558 2095 ad
570 2043 678 2117 legata,
696 2040 740 2100 vel
763 2034 805 2094 ad
823 2035 930 2093 divitia·
1020 2045 1059 2095 're
1076 2039 1308 2094 reconventionem.

188 2123 251 2164 nem
268 2104 447 2181 bereoitatis,
465 2111 510 2168 vel
523 2113 668 2171 universali
677 2109 930 2186 judieisconcursus
959 2119 1004 2183 9ο.
1022 2109 1065 2166 De
1074 2103 1136 2181 foro
1153 2125 1309 2175 competente
1326 2128 1359 2164 ex
1369 2110 1537 2166 commentia
1553 2127 1648 2165 eausa.

189 2179 257 2234 inter
274 2176 410 2234 creditores
428 2179 559 2254 agendum
575 2187 630 2251 sit,
647 2179 929 2247 eemtssttetexcepsio-
959 2193 1005 2254 91.
1023 2179 1067 2238 De
1083 2175 1311 2248 [ormconspesente
1335 2198 1368 2252 en
1393 2199 1477 2238 causa
1501 2181 1605 2253 originis
1614 2199 1626 2246 ,·
1651 2183 1708 2264 puis
1735 2177 1773 2234 sit

188 2265 236 2304 nes
250 2260 439 2318 proponuntur,
457 2251 551 2322 quibus
568 2255 626 2326 quis
644 2257 674 2310 in
700 2253 753 2311 loco
779 2249 929 2307 contrabius
1031 2253 1101 2307 locus
1118 2242 1251 2323 originis?
1267 2247 1336 2321 quid
1349 2249 1419 2318 siin
1437 2251 1546 2321 insula,
1564 2265 1612 2306 aut
1630 2269 1703 2322 voco,
1721 2265 1773 2306 aut

187 2337 239 2375 seon
283 2337 334 2375 sest
352 2323 490 2390 conveniri.
1029 2337 1116 2376 matre
1131 2321 1311 2394 peregrinante
1329 2340 1410 2376 naus
1419 2325 1454 2379 sit
1464 2317 1481 2376 ?
1489 2321 1595 2396 originis
1605 2319 1674 2375 locas
1685 2319 1773 2376 etiarn

118 2381 161 2461 55.
178 2388 224 2446 De
252 2409 294 2445 oro
311 2407 467 2463 temptante
484 2413 515 2450 ets
529 2399 724 2470 prorogatione,
741 2393 887 2451 remissive.
1022 2391 1136 2465 fingitur
1154 2393 1377 2463 manumissione,
1394 2391 1529 2462 adoptione
1537 2411 1549 2457 ,·
1566 2387 1601 2452 <t
1627 2389 1775 2447 communis

119 2458 162 2532 76.
180 2459 225 2517 De
234 2456 295 2534 siro
312 2480 470 2532 competente
488 2470 591 2521 ratione
609 2468 648 2523 rei
664 2469 719 2522 site
728 2486 740 2532 ,-
756 2461 790 2525 (t
807 2479 845 2517 en
871 2461 927 2534 quis
1027 2465 1120 2532 patria
1137 2478 1175 2516 est
1195 2461 1301 2534 Roma,
1318 2459 1365 2520 ubi
1390 2466 1446 2532 quis
1482 2481 1497 2516 e
1521 2464 1652 2520 conveniri
1677 2475 1776 2532 potest,

188 2531 217 2588 vi
229 2533 321 2600 privile
335 2537 357 2591 ii
375 2533 506 2591 cilionem
523 2538 551 2592 in
569 2557 625 2591 rem
642 2539 671 2592 in
687 2536 740 2607 loco
757 2535 928 2590 reisitento-
1029 2534 1084 2591 nisi
1098 2530 1196 2590 babeat
1208 2530 1260 2604 jus
1277 2531 1417 2590 revocandi
1450 2551 1559 2588 omum:
1575 2532 1621 2602 qui
1637 2529 1670 2584 id
1692 2528 1773 2588 babeo

190 2615 249 2657 tem
265 2555 370 2662 crebere
384 2609 465 2675 possit
481 2601 702 2680 adsorumstsunt
709 2594 929 2678 privilegiatum?
1030 2620 1099 2675 ant,
1113 2604 1235 2672 precipue
1252 2602 1355 2673 puando
1371 2601 1405 2658 id
1418 2601 1554 2673 babeant,
1571 2616 1621 2657 aut
1643 2619 1695 2656 non
1720 2599 1772 2658 ba-

118 2685 163 2746 77.
180 2673 260 2730 Attio
276 2677 307 2731 in
324 2693 382 2731 rem
398 2677 483 2732 etiam
499 2695 575 2735 extra
592 2678 678 2736 locum
694 2679 763 2734 sistes
780 2675 809 2730 in
817 2673 870 2730 loco
882 2670 928 2733 do-
1031 2671 1111 2730 beasn
1125 2670 1341 2748 legeruntque
1353 2665 1491 2732 moribus?

188 2743 284 2801 mitilii
295 2748 444 2814 possessoris
461 2749 561 2805 moveri
616 2765 675 2820 est,
691 2751 716 2804 si
731 2743 765 2802 de
781 2740 928 2814 mobilibus,
958 2757 1001 2818 9ιι.
1020 2743 1065 2802 De
1075 2737 1136 2818 foro
1153 2759 1311 2814 competente
1326 2746 1429 2799 ratione
1455 2741 1590 2798 domicilii.
1618 2739 1654 2796 In
1679 2739 1772 2813 quibus

187 2833 240 2871 non
257 2816 323 2871 item
343 2820 366 2873 si
382 2814 414 2871 de
430 2817 563 2876 immobili
628 2838 736 2893 agaturt
751 2814 786 2880 (tl
802 2813 928 2887 quidjte-
1030 2814 1109 2871 disset
1127 2815 1204 2886 otigo
1221 2835 1240 2868 e
1257 2809 1421 2874 domicilio?
1438 2812 1613 2870 Domitilium
1631 2827 1774 2870 estmuto·

67 2936 71 2941 .
187 2888 225 2941 rlt
241 2888 408 2954 inpetitione
424 2883 612 2946 hereditatis?
890 2943 893 2949 ,
1028 2883 1098 2956 bile,
1113 2899 1192 2954 potest
1209 2885 1267 2956 pets
1291 2903 1348 2938 esse
1377 2885 1432 2940 sine
1457 2880 1606 2956 domicilio,
1630 2895 1711 2952 potest
1738 2881 1772 2946 (⁴5

118 2949 162 3028 78.
179 2953 223 3012 De
233 2949 297 3028 fisro
314 2973 468 3024 competente
485 2981 516 3015 etr
532 2961 745 3029 reconventione,
763 2952 829 3030 quid
836 2955 928 3030 juris,
1029 2955 1114 3013 simul
1126 2955 1203 3024 plura
1220 2947 1340 3012 babere?
1366 2949 1400 3015 Θ
1425 2951 1471 3011 ubi
1496 2969 1559 3011 tunc
1583 2951 1774 3012 conveniendus

123 3037 126 3044 '
186 3023 213 3080 si
228 3043 396 3083 reconventut
414 3029 559 3100 respondere
576 3023 670 3086 notit?
686 3030 735 3085 An
747 3031 928 3086 alluerenun·
1029 3020 1089 3082 sit?
1106 3025 1277 3084 Presumitut
1299 3026 1406 3096 quique
1431 3023 1596 3083 domicilium
1621 3022 1716 3081 babere
1742 3027 1772 3083 in

188 3088 287 3150 eiando
305 3096 348 3150 liti
364 3096 486 3154 incboate
493 3091 930 3170 possitevt'tesrerrconvente'enem?
1029 3097 1082 3154 loto
1099 3096 1219 3169 originis,
1236 3095 1321 3152 donec·
1331 3097 1493 3152 contrarium
1540 3093 1637 3152 obetur.
1763 3140 1765 3146 ,

187 3163 239 3218 Art
256 3181 395 3223 convensus
411 3187 442 3224 esc
457 3174 595 3230 contraiiu
610 3171 770 3228 reconveniri
784 3167 864 3238 possis
872 3169 930 3238 plu-
959 3163 1004 3244 93
1020 3163 1064 3225 De
1081 3163 1213 3226 domicilio
1236 3167 1398 3232 necessario;
1419 3169 1467 3292 pui
1484 3111 1558 3224 ubba
1570 3161 1688 3224 babeant
1696 3186 1710 3233 ,·
1736 3164 1771 3230 fit

186 3231 261 3294 et'bsst
278 3233 442 3312 antenctae,
459 3245 544 3299 etiam
561 3245 635 3299 natis
651 3261 684 3296 es
701 3237 796 3297 delttte
804 3261 818 3308 ,·
834 3255 871 3294 an
888 3262 930 3297 re·
1030 3237 1063 3296 de
1078 3235 1211 3297 domicilio
1229 3239 1283 3295 litis
1302 3254 1386 3293 catera
1403 3233 1518 3312 e'gendo
1526 3257 1539 3303 ,·
1557 3255 1595 3292 an
1611 3237 1703 3295 eleliio
1720 3235 1772 3297 des-

186 3307 324 3362 comtt't
360 3309 394 3371 Θ
410 3329 458 3382 ιιι
475 3333 556 3384 usque
582 3317 611 3370 in
635 3310 800 3382 iniuriarum
827 3309 931 3367 uiiione
1030 3313 1070 3369 rei
1084 3325 1139 3380 pest
1159 3304 1371 3381 sententiam&
1389 3305 1643 3380 appellationem&
1659 3323 1772 3367 mortem

185 3375 272 3434 locum
290 3347 407 3447 babeeet
424 3401 462 3437 nn
481 3403 549 3441 esnus
565 3377 733 3451 expluribus
759 3377 931 3440 coheredibus
1033 3376 1177 3457 eligentis?
1503 3436 1504 3440 ,
1605 3405 1608 3412 ’

186 3444 324 3521 egentibus
333 3490 343 3520 ,
360 3466 409 3507 atet
427 3457 576 3526 conventis,
593 3453 764 3525 reconveniri,
782 3450 826 3512 vel
842 3471 930 3512 recon-
960 3450 1007 3528 94.
1025 3452 1104 3530 Quid
1118 3457 1151 3512 sis
1170 3449 1333 3510 dorniciliesm
1348 3453 1446 3521 proprie
1462 3447 1567 3508 nuum
1576 3469 1590 3516 ,-
1605 3447 1672 3521 quid
1684 3447 1772 3507 mmi-

185 3521 324 3579 ventrose
341 3520 400 3579 alie
416 3539 501 3580 causa
516 3520 623 3595 possit?
685 3569 688 3578 .
1031 3528 1124 3584 cisium
1151 3525 1216 3592 irn'pr
1246 3525 1337 3588 ιὶιιιιι,Ι
1363 3539 1402 3576 an
1418 3520 1452 3584 θ
1478 3539 1527 3592 quo
1553 3539 1634 3592 usque
1659 3517 1772 3577 studiosi

116 3599 161 3661 79.
178 3587 263 3646 Nemo
289 3591 389 3648 invitus
415 3598 512 3668 cogitur
538 3599 720 3668 reconvenire,
746 3589 781 3658 Θ
807 3612 846 3652 an
871 3613 930 3652 reus
1031 3593 1196 3652 domicilium
1216 3539 1356 3664 babeant,
1382 3587 1430 3650 obs·
1446 3588 1596 3649 studiorum
1622 3609 1707 3647 cause
1724 3588 1771 3646 de·

147 3717 150 3724 ,
184 3658 311 3730 pendente
327 3663 375 3718 lis'e
388 3667 469 3734 possit
485 3665 603 3723 aliorem
620 3669 679 3724 alia
696 3668 742 3724 lite
759 3663 834 3735 apud
843 3665 931 3724 aliurn
1046 3659 1121 3722 unt?
1402 3697 1407 3708 ·

182 3728 305 3800 stillim
319 3731 453 3802 iubare?
960 3731 1004 3808 95.
1044 3755 1089 3793 scor
1115 3737 1210 3795 meriti
1225 3733 1390 3792 domicibum
1406 3733 1523 3805 sequitur
1531 3770 1542 3804 ,
1557 3727 1599 3793 Δ(9
1614 3731 1709 3789 retinet
1726 3731 1771 3788 vi-

116 3791 161 3856 80.
179 3801 236 3872 Quo
254 3804 386 3878 tempori,
404 3803 439 3868 Θ
456 3826 494 3864 ars
540 3824 565 3865 ιι
583 3809 659 3866 litem
685 3821 862 3866 contestatam
889 3825 930 3864 re·
1033 3804 1089 3866 dua
1098 3803 1198 3880 fabia,
1216 3805 1271 3864 nisi
1287 3821 1372 3876 speetu
1390 3821 1494 3864 mutet.
1510 3803 1561 3860 An
1579 3799 1614 3864 ld
1630 3821 1694 3860 ustor
1711 3800 1771 3859 ille·

185 3877 316 3931 eontensio
326 3874 393 3950 fiere·
407 3883 511 3947 possit.¹
529 3896 569 3936 ιι
586 3878 620 3943 lu
633 3893 690 3949 post
716 3881 877 3945 sententiam
901 3881 932 3936 r'n
1046 3879 1136 3950 ittme,
1154 3879 1198 3934 ael
1211 3871 1330 3949 sponsa?

186 3942 383 4014 appellatione!
637 4001 640 4008 ,
960 3945 1006 4022 96.
1047 3949 1134 4006 amuli
1150 3946 1184 4010 Θ
1201 3947 1304 4006 ancille
1319 3959 1463 4020 sequuntur
1478 3941 1642 4003 domicilium
1658 3939 1772 4020 domini,
1795 3955 1796 3958 ’

111 4005 158 4069 81.
175 4015 227 4071 An
242 4031 314 4073 tutor
349 4035 473 4088 curator,
490 4018 697 4080 administratae
717 4020 823 4079 nornine
849 4017 932 4093 efficii
1031 4022 1075 4078 cui
1091 4022 1256 4078 ministrant.
1640 4049 1643 4054 ·

180 4098 229 4154 pro
242 4057 339 4158 pupilb
355 4085 390 4151 (t
408 4089 542 4150 similibus
597 4115 644 4150 ens
671 4093 829 4150 reconveniri
853 4094 930 4162 possit
960 4103 1004 4164 97.
1024 4091 1065 4148 Fr
1082 4089 1175 4163 quibus
1192 4088 1349 4165 corn'eiiurt’s
1365 4084 1451 4162 colligi
1464 4089 1564 4158 possit,
1589 4083 1708 4158 aliquem
1725 4082 1771 4144 do

185 4150 218 4208 de
235 4175 282 4228 eo,
300 4159 371 4230 quod
384 4181 431 4220 suo
448 4169 554 4219 nomine
603 4163 664 4235 bet,
681 4161 715 4228 Β
741 4164 801 4220 vice
826 4156 932 4221 versa?
1032 4163 1165 4220 micisitene
1181 4177 1251 4217 certo
1267 4159 1321 4218 loco
1336 4151 1523 4216 constituisse?

112 4219 158 4282 82.
176 4224 225 4281 Ae
240 4231 326 4288 socius
343 4233 449 4289 nemine
466 4237 600 4292 societatis
628 4255 726 4312 agens,
751 4233 784 4290 dr
808 4253 837 4290 ee
863 4230 936 4309 quod
961 4227 1005 4306 98.
1024 4232 1083 4291 Non
1109 4232 1277 4291 constituitur
1303 4225 1467 4287 domicilium
1493 4225 1547 4286 sels
1572 4228 1683 4299 animo,
1713 4227 1773 4285 este

184 4297 244 4354 ete
262 4317 293 4354 ee
310 4320 396 4360 causa
411 4303 482 4359 solus
499 4301 599 4362 debet!
1033 4305 1238 4373 contestatione,
1255 4299 1311 4358 tole
1328 4296 1505 4373 habitatione,
1530 4317 1578 4356 nec
1595 4319 1625 4355 est
1653 4318 1683 4355 eo
1700 4299 1772 4370 selo,

113 4359 157 4426 88.
174 4367 223 4424 An
241 4369 316 4448 abiot
334 4375 497 4432 reconveniri
513 4373 550 4432 ab
566 4396 615 4449 eo,
632 4379 679 4451 qui
695 4395 739 4436 reo
755 4376 786 4433 iss
812 4371 859 4432 lite
885 4394 931 4430 as·
1068 4371 1104 4432 od
1126 4375 1185 4448 puis
1202 4370 1362 4442 tabernam,
1384 4369 1539 4446 pergulam,
1564 4368 1685 4428 borreum
1703 4384 1773 4427 certa

180 4437 272 4513 sistit,
289 4439 374 4500 relect
390 4440 426 4500 ab
444 4446 566 4519 mttere,
583 4450 630 4520 qui
637 4451 733 4505 emtori
740 4459 832 4504 vocato
840 4440 933 4504 adest?
1058 4465 1086 4502 ce
1103 4441 1202 4514 bebett
1219 4461 1270 4501 aut
1286 4445 1367 4515 operis
1384 4461 1433 4500 aut
1450 4441 1506 4500 litis
1524 4457 1574 4500 aest
1591 4441 1773 4515 negotiationis
1828 4460 1832 4466 ·

181 4505 217 4571 U
232 4527 274 4566 ἰιι
291 4513 386 4571 auo‘ior
402 4531 511 4573 ιιιιιιιι
528 4533 559 4574 tst
578 4521 710 4591 assistat,
735 4531 860 4573 emtoeeta
886 4537 931 4574 vo·
1047 4521 1122 4575 tutia
1149 4512 1188 4572 ibi
1204 4530 1343 4586 moratur,
1370 4510 1404 4575 it
1425 4511 1492 4586 quid
1507 4513 1584 4587 juris
1602 4511 1700 4580 iniis,
1726 4511 1774 4580 qui

182 4595 292 4638 cantem
309 4589 472 4643 reconvenire
486 4586 589 4658 postis?
1028 4539 1129 4645 gladios
1149 4601 1260 4658 petunt,
1285 4587 1365 4658 quive
1377 4579 1423 4640 del
1448 4588 1491 4642 ati
1516 4598 1579 4642 sunt
1591 4579 1638 4660 ad
1660 4577 1774 4656 Collegit

112 4647 155 4722 fii.
174 4650 225 4707 An
242 4653 284 4723 is,
299 4654 345 4726 qui
362 4657 392 4712 ire
414 4676 471 4713 rem
497 4677 578 4716 suem
602 4671 754 4728 procurator
776 4660 932 4718 constitutus
1033 4657 1166 4718 Ordrnum
1193 4655 1350 4729 enerelium,
1357 4655 1434 4714 Conse
1448 4657 1464 4714 'i
1471 4671 1569 4726 status,
1582 4646 1775 4737 Arcbisbalaps·

125 4733 128 4742 ’
181 4735 222 4778 ιιι
243 4735 289 4792 per
314 4729 457 4784 cessionem
484 4729 617 4800 niiionis,
642 4732 669 4786 si
725 4744 776 4801 et,
795 4745 932 4788 reconven-
1026 4729 1086 4804 fica
1103 4725 1159 4792 (tc.
1174 4677 1212 4793 {t
1228 4748 1283 4802 en,
1299 4746 1334 4785 ec
1351 4745 1400 4800 peso
1417 4747 1497 4800 usque
1516 4725 1544 4784 bi
1560 4741 1650 4780 omem
1667 4725 1726 4780 itm
1743 4739 1774 4780 m

180 4790 281 4850 ‘imm
294 4798 357 4864 ili?
371 4813 494 4857 'malm
530 4796 564 4854 lt
581 4818 627 4873 ιι,
728 4797 822 4862 cedent
838 4797 932 4874 lebet,
1035 4800 1098 4856 lecit
1115 4802 1247 4858 conveniri
1260 4790 1389 4870 possint?
1513 4791 1522 4811 '

178 4875 227 4937 per
242 4861 423 4930 dinieliiotses
439 4839 594 4942 replicetur.
803 4893 812 4902 ·
962 4879 1010 4947 99.
1026 4871 1150 4949 Migrare
1175 4873 1283 4945 tuteque
1300 4867 1335 4934 (tt
1361 4865 1525 4928 domicilium
1552 4879 1659 4926 motare
1674 4876 1775 4939 illm,
