4012 5344
35 1418 46 1452 Χ

99 4741 119 4818 i

133 3069 136 3088 ι
166 3035 194 3098 Β.
213 3037 315 3112 Quales
333 3039 402 3098 lucri

917 166 932 210 t
1039 149 1076 210 ⁰.
1710 153 1753 212 tn

157 231 282 306 berctus,
300 234 328 293 tit
346 251 419 294 nove
435 238 509 293 intes
527 234 595 293 ullos
613 233 745 310 obligatio
768 147 1166 325 tntercedii‚⁰§.ii⁶3‘.⁰e²esesar
1183 233 1217 300 it
1234 235 1554 307 restitutiolmpenscrum
1572 253 1708 296 unacum
1720 139 1823 306 usu⁵ris5

138 311 141 316 '
151 305 304 434 salz?
326 304 399 436 ggii.
417 305 488 364 mad.
515 308 570 364 toll.
600 305 673 380 oblig.
701 305 867 368 Neostadius
892 310 975 368 Curre
1075 305 1121 366 ubi
1138 306 1172 369 bit
1187 307 1222 362 de
1236 305 1367 380 privilegia
1376 307 1507 367 retinendi
1522 329 1580 366 rem
1599 312 1818 394 commnncmpra

1074 380 1198 446 impensis
1215 382 1244 435 in
1260 395 1323 434 eam
1341 395 1360 431 a
1387 383 1453 436 socio
1472 376 1581 454 fabiist
1606 400 1660 452 qua
1686 398 1820 436 occasione

504 455 507 458 '
776 467 780 474 ·
1073 446 1198 519 dqinitur
1211 462 1259 523 per
1275 447 1466 521 distiniiianes,
1484 469 1522 505 an
1539 450 1637 524 singuli
1652 453 1715 507 socii
1729 449 1758 506 in
1776 469 1818 504 sc·

391 513 418 574 Τ
440 513 453 574 Ι
471 515 497 574 Τ
516 513 542 575 U
560 514 585 575 L
603 515 628 575 U
647 514 667 576 S
703 513 738 573 Il.
1074 516 1174 588 lidum,
1192 525 1229 574 an'
1247 533 1355 576 tanturn
1370 533 1504 589 properes
1521 520 1656 576 conveniri
1671 523 1768 588 possint
1786 539 1817 574 est

725 629 740 664 ¹.
838 616 842 622 ·
1073 587 1255 648 contrstibibus¹
1266 590 1369 644 nomine
1387 591 1518 648 retinetis
1534 588 1675 649 celebrati:
1694 589 1727 654 Θ
1753 588 1821 662 quid

487 654 542 716 Pto
558 651 649 714 Socio.
699 711 704 717 .
1021 685 1027 694 ·
1073 656 1187 715 neribus
1204 653 1343 715 obtineat?

596 769 599 776 .
1007 728 1260 808 14.Ansociiere
1282 729 1370 784 aliene
1395 731 1501 785 nemine
1525 731 1656 788 societatis
1682 730 1823 788 concretio¹

412 793 429 840 ⁸
445 789 514 844 UM
526 794 561 842 Μ
572 797 591 842 Α
610 796 630 846 R
649 793 716 842 Η·
851 841 858 860 ,
1053 796 1230 872 obligentur,
1248 798 1273 854 si
1287 800 1399 866 pecunia
1417 801 1538 855 societati
1552 801 1654 857 credita
1671 803 1700 856 in
1718 819 1814 855 arcam

178 885 203 938 ι.
223 869 299 954 Quid
311 865 346 978 π>ίε
363 869 495 927 societas?
512 891 561 943 quc
577 869 653 928 modo
666 911 675 942 ‚
690 868 723 932 tt
741 889 760 924 a
778 869 904 952 quibus„
909 872 974 927 iniri
1032 897 1034 906 ν
1071 887 1238 994 εἷεεεηειείεπεει
1256 888 1333 926 verset
1349 888 1401 926 non
1419 873 1464 940 sit,
1482 868 1576 928 itidem
1593 869 1814 929 distinliioneex·

230 957 320 1009 posset.
1035 971 1037 976 ·
1067 951 1194 1006 petetur.

123 1045 139 1056 -
174 1025 202 1065 2.
221 1009 281 1082 Qua
298 1007 374 1066 modo
390 1013 501 1065 societas
519 1013 601 1069 tacite
617 1006 744 1068 ineatur?
761 991 823 1066 cum
850 1011 974 1066 societate
1005 1009 1044 1070 15.
1062 1010 1211 1066 Ansocitet
1227 1005 1429 1082 derelinquendo
1446 1003 1527 1066 cuais
1551 1024 1654 1079 partem
1681 1009 1815 1068 societatis

228 1098 279 1134 reon
296 1077 477 1152 confundenda
494 1086 653 1139 communio.
671 1081 737 1153 (lae
746 1080 854 1136 venient
864 1082 892 1137 in
902 1082 972 1135 taci-
1070 1077 1179 1136 liberari
1194 1081 1275 1146 possit
1291 1077 1327 1135 ab
1343 1099 1419 1136 onere
1435 1083 1494 1137 eris
1510 1078 1611 1151 alieni,
1628 1081 1670 1136 ad
1699 1078 1753 1138 uod
1766 1100 1820 1138 nc·.

226 1164 286 1204 tam
304 1149 475 1206 societatem?
492 1151 587 1208 Tacita
599 1154 779 1210 universorum
796 1147 921 1207 bonarum
930 1169 971 1206 so-
1069 1149 1141 1205 mirse
1157 1149 1290 1206 societatis
1305 1147 1441 1208 certatim
1457 1166 1507 1220 esc,
1521 1151 1606 1208 etiam
1612 1169 1658 1223 per
1684 1151 1816 1212 e‘stinilt'e⁴

227 1222 310 1275 cietas
328 1220 392 1276 coiri
409 1223 520 1291 nequit.¹
815 1259 818 1268 1
870 1261 876 1271 .
1070 1237 1131 1276 nem
1147 1217 1307 1277 deteratur.

171 1281 200 1344 5.
246 1289 296 1345 uid
311 1292 344 1346 sit
359 1288 472 1362 publica,
488 1290 667 1362 quidpeioata
684 1285 807 1347 societas?
823 1283 970 1359 &inuet-
1003 1287 1044 1350 16.
1062 1288 1164 1350 ficitur
1180 1293 1266 1347 etiarn
1283 1303 1314 1346 ue
1330 1291 1415 1344 socius
1440 1289 1546 1361 reliquis
1575 1289 1817 1362 urentem-qued

265 1379 277 1414 s
295 1355 443 1428 different?
600 1411 606 1436 ,Ἴ
1070 1375 1150 1429 supra
1167 1377 1247 1417 suem
1261 1372 1366 1429 pentem
1382 1361 1487 1416 nomine
1500 1364 1631 1420 sacietatis
1649 1363 1756 1432 accepit.
1776 1357 1815 1418 i)

162 1425 202 1496 ui.
220 1429 286 1501 Quae
302 1431 412 1486 vertiam
429 1433 459 1486 in
472 1430 653 1490 universalem
670 1425 842 1486 societatem?
868 1425 914 1485 ubi
938 1426 971 1484 de
1069 1449 1109 1486 an
1124 1431 1208 1487 'socius
1225 1449 1294 1488 unus
1311 1449 1331 1484 a
1354 1425 1512 1489 debitoribus
1538 1434 1671 1489 societatis
1697 1431 1812 1488 solidum

226 1496 284 1554 dote
294 1497 377 1571 filie,
395 1498 525 1557 sumtibus
542 1503 571 1556 in
589 1499 679 1559 studia
699 1498 781 1572 filii,-
806 1497 840 1561 Θ
862 1517 903 1555 an
917 1517 970 1554 reon
1065 1512 1148 1566 petere
1162 1503 1251 1571 pessit,
1267 1497 1347 1558 vetit
1362 1504 1477 1575 tutouni
1493 1503 1682 1560 sociosolidurn
1700 1501 1815 1560 solvere?

225 1567 312 1625 soluta
335 1573 459 1627 societate
484 1572 568 1629 secius
596 1587 665 1629 unus
689 1585 799 1628 tamum
820 1570 968 1638 precipiat,
1002 1583 1044 1644 ηε
1060 1570 1109 1627 An
1126 1572 1209 1626 sacius
1227 1585 1331 1626 meram
1340 1566 1449 1643 faciens·
1466 1572 1495 1626 in
1512 1573 1677 1630 restituenda
1697 1577 1813 1642 pecunia
1868 1587 1875 1602 ‘

225 1655 358 1710 quantum
366 1654 466 1710 propter
482 1641 594 1699 ulterius
595 1639 689 1712 filium
689 1635 815 1711 filiamve
823 1637 970 1710 erogatum?
1008 1703 1012 1712 ι
1067 1640 1201 1696 societatis
1219 1657 1269 1694 out
1287 1641 1367 1696 lucris
1383 1641 1503 1697 societati
1516 1642 1752 1710 communicandis,
1769 1643 1815 1702 uel

224 1709 256 1765 Si
272 1710 417 1782 aliquande
432 1708 474 1766 ad
484 1726 588 1780 petrem
605 1710 740 1768 docentem
759 1707 850 1764 sedeas
865 1707 910 1764 dos
919 1708 968 1763 dei·
1066 1728 1189 1768 nummos
1204 1709 1273 1770 tales
1281 1712 1311 1766 in
1329 1729 1387 1768 suos
1405 1729 1469 1767 usus
1484 1707 1643 1784 con'ocrtent,
1659 1713 1812 1784 adusserat
1882 1725 1885 1728 '

226 1793 268 1849 ta,
286 1797 324 1835 an
342 1780 422 1839 alteri
439 1785 505 1838 socio
518 1796 562 1852 pro
580 1797 644 1838 rata
657 1780 853 1837 «communicari
863 1776 968 1834 debeat?
1066 1778 1279 1838 condemnandus
1296 1781 1349 1850 sit,
1366 1776 1534 1839 dictiniiione
1550 1781 1685 1854 definitur,
1703 1783 1744 1840 ad
1760 1803 1810 1840 ee-

225 1847 394 1923 (lut'dq'uris,
412 1871 444 1910 su
456 1873 524 1909 unus
543 1847 714 1910 socierumeb
731 1867 808 1906 sessore
815 1847 903 1905 docens
920 1868 968 1904 cc·
1043 1882 1047 1891 =
1064 1851 1234 1920 plicationem
1254 1847 1272 1907 1.
1287 1847 1336 1910 60.
1354 1845 1381 1905 ff.
1402 1847 1430 1905 h.
1448 1864 1470 1908 t.

223 1923 333 1992 ceperis,
350 1923 395 1979 vel
410 1921 496 1977 dotem
514 1943 544 1979 esc
561 1923 638 1992 patio
655 1921 775 1978 lucratus
791 1917 848 1976 sit?
873 1919 922 1974 An
938 1921 968 1974 in
1000 1916 1040 1980 18.
1058 1923 1156 1995 Agitur
1181 1938 1278 1992 quoque
1296 1918 1428 1978 edidere
1455 1921 1533 1978 liceat
1551 1925 1593 1980 uti
1617 1921 1810 1982 resecandum

222 1993 401 2047 universalem
419 1995 528 2050 veniant
545 1996 637 2062 turpic
643 1988 743 2048 lucra?
755 1988 788 2055 Θ
797 2008 836 2046 an
852 1987 967 2048 moribus
1062 1994 1182 2062 primam
1198 1993 1328 2048 sociorum
1344 1990 1535 2060 intensionem,
1546 1991 1593 2056 b·
1609 2012 1644 2050 ne
1669 1991 1736 2066 quid
1749 1997 1810 2051 nevi

225 2059 334 2128 probatu
351 2066 387 2119 sit
403 2063 562 2120 univerialis
579 2059 712 2120 societas?
832 2077 839 2090 ·
1059 2059 1116 2134 fiet
1131 2076 1224 2117 contra
1241 2078 1318 2116 earn:
1335 2061 1400 2116 item
1413 2073 1444 2118 'ut
1460 2075 1675 2135 prestentscrque
1691 2067 1716 2124 πί
1748 2067 1810 2122 stla-

171 2125 197 2184 5.
215 2131 345 2203 Quanam
353 2135 462 2190 veniant
480 2135 509 2190 in
526 2135 678 2190 societatem
687 2129 842 2200 simpliciter.
848 2127 967 2186 initam?
1065 2128 1138 2189 ribus
1152 2130 1239 2200 pettit
1251 2130 1425 2200 placuerunt:
1443 2149 1458 2185 e
1488 2134 1578 2191 litatio
1596 2131 1614 2188 l.
1632 2131 1676 2204 69.
1694 2132 1721 2189 ff.
1762 2173 1767 2186 .
1786 2148 1809 2190 t.

224 2219 279 2271 que
296 2204 324 2256 in
340 2203 494 2259 societatem
512 2220 588 2261 certe
604 2208 642 2259 rei
658 2202 702 2259 oet
717 2201 896 2274 negotiationis
912 2201 967 2257 siue
1000 2215 1040 2274 19.
1057 2203 1106 2260 An
1122 2205 1216 2274 socius,
1232 2203 1278 2270 qui
1290 2204 1415 2272 precipue
1430 2220 1462 2257 tte
1490 2202 1559 2260 salus
1576 2205 1677 2289 negotia
1698 2207 1809 2260 societa-

225 2273 301 2327 lucra
319 2275 375 2328 sive
391 2270 513 2330 demna?
529 2277 597 2348 Qua
614 2277 642 2329 in
659 2275 812 2328 societatem
822 2269 968 2354 nau'gandi
1064 2275 1100 2330 είπ
1112 2274 1205 2347 gessit,
1222 2271 1358 2328 salarium
1373 2271 1483 2345 pacisci,
1500 2289 1549 2332 aut
1559 2277 1611 2332 vire
1628 2271 1810 2333 baniarbitrio

223 2343 358 2398 communi
371 2344 484 2411 periculo
511 2343 544 2408 Θ
562 2342 723 2400 desocietate
740 2339 826 2396 India
837 2338 966 2398 Orecnta·
1066 2344 1185 2413 consequi
1201 2339 1301 2410 possit?
1797 2365 1802 2374 ·

225 2409 257 2465 lis
275 2409 308 2472 Θ
326 2385 526 2487 Occidentalis,
543 2416 687 2470 remissive.
996 2428 1042 2470 20.
1060 2412 1130 2470 Socii
1147 2414 1216 2468 inter
1232 2429 1260 2467 te
1272 2406 1391 2487 gaudent
1406 2408 1529 2485 beneficio
1556 2413 1732 2482 competentia
1748 2430 1810 2472 tuen

167 2477 197 2542 6;
218 2484 336 2548 Quem
354 2485 382 2539 in
399 2485 523 2541 societate
541 2486 593 2556 ipsa
601 2484 679 2596 jure
702 2499 853 2538 communes
873 2476 966 2552 fiant,
1063 2481 1239 2559 particulares
1271 2499 1339 2540 uam
1356 2482 1526 2540 universales.
1544 2482 1738 2557 Quandoillud
1751 2503 1809 2541 scs·

223 2568 279 2621 que
295 2553 521 2611 communicende
538 2556 605 2611 tint.
633 2556 681 2609 An
699 2554 918 2621 communicate,
941 2553 966 2606 si
1065 2551 1124 2610 see?
1141 2549 1175 2614 Θ
1192 2553 1236 2624 qui
1271 2548 1409 2608 moribus?
1727 2586 1728 2592 ε

222 2641 268 2676 aas
286 2620 368 2678 sosius
386 2625 504 2683 retulerit
521 2627 551 2683 ie
568 2628 684 2683 rationes
702 2618 856 2678 societatis?
995 2636 1038 2682 ει.
1057 2623 1196 2694 Singulaee
1211 2635 1261 2694 est,
1278 2619 1349 2694 quod
1361 2640 1430 2676 unus
1447 2620 1610 2692 expluribus
1633 2624 1709 2682 sociis
1725 2643 1807 2684 suam

169 2704 199 2763 7:
213 2691 397 2760 uersantem
415 2693 606 2766 maleficiorum
614 2693 691 2752 nulla
708 2693 875 2748 sacietasese.
892 2689 969 2761 Ouid
1060 2708 1171 2763 perterre
1181 2695 1311 2763 integrum
1329 2687 1437 2759 adeptus
1455 2712 1474 2746 a
1491 2694 1559 2748 sosio
1575 2691 1687 2751 debitore
1696 2696 1807 2752 societa-

215 2761 310 2832 juris,
328 2765 351 2818 ti
368 2768 502 2821 occasione
518 2763 629 2821 bonette
646 2765 779 2820 societatis
796 2760 865 2818 alter
883 2764 964 2817 socio·
987 2799 990 2806 ·
1063 2765 1100 2819 tis
1117 2763 1312 2818 communicare
1329 2758 1362 2817 id
1374 2759 1482 2832 reliquis
1499 2779 1629 2833 teneatur,
1647 2767 1671 2820 si
1688 2763 1729 2822 it'li
1747 2765 1795 2821 sol'

221 2833 367 2888 eumlucru
385 2837 474 2902 turpia
483 2838 638 2904 captaverit,
655 2830 779 2896 &alteri
794 2835 862 2890 socio
874 2833 965 2888 scienti
1062 2830 1128 2890 desen
1145 2835 1264 2902 consequi
1282 2829 1317 2888 ab
1334 2849 1363 2886 eo
1379 2847 1527 2901 nequeant·
1546 2831 1580 2896 Θ
1597 2837 1621 2890 si
1637 2853 1706 2892 unus
1724 2838 1805 2892 socic-

222 2899 267 2957 πί
280 2901 410 2974 ignoranti
425 2908 669 2973 communicaverit,
687 2921 721 2957 ae
734 2897 874 2970 posteaed
885 2904 963 2960 resti·
1062 2921 1125 2960 rum
1152 2899 1286 2970 impendia
1301 2914 1346 2970 per
1372 2900 1487 2958 alterum
1518 2904 1582 2960 atta
1605 2903 1742 2962 restituere
1759 2923 1807 2960 ne·

221 2969 351 3025 tutionem
368 2989 418 3028 aut
468 2993 535 3028 nam
552 2968 718 3036 dqmnetur?
1054 2986 1143 3098 §ucat
1152 3010 1162 3043 ,
1179 2970 1212 3028 id
1225 2972 1335 3042 reliquas
1348 2981 1392 3036 pra
1410 2987 1475 3028 rata
1487 2989 1596 3045 gravat.

417 2987 564 3104 gadum·
578 3058 667 3113 partes
675 3038 846 3114 fercntsocii
861 3060 896 3096 en
911 3061 963 3098 ne·
992 3055 1037 3100 22.
1075 3045 1086 3098 i
1110 3045 1194 3098 socius
1212 3060 1301 3111 unus,
1318 3043 1363 3110 qui
1379 3045 1483 3100 nemine
1509 3043 1641 3100 sacietatis
1664 3043 1806 3115 plusquam

219 3125 284 3168 tura
303 3110 456 3168 societatis?
473 3109 575 3170 Omnia
599 3113 681 3182 palia
699 3114 771 3168 circa
798 3107 902 3168 lucrum
916 3109 963 3174 ,Θ
1061 3118 1141 3169 suam
1155 3126 1259 3182 partem
1274 3127 1424 3172 consecutus
1441 3127 1499 3178 est,
1517 3109 1579 3184 foro
1596 3116 1699 3170 cesserit
1708 3155 1718 3186 ,
1740 3115 1809 3182 reli2

218 3179 352 3238 damnum
369 3183 495 3242 sustineri
511 3180 612 3256 debere,
630 3179 722 3254 quibas
740 3181 963 3240 leoninascticeas
1062 3185 1108 3254 qui
1124 3184 1188 3238 sccii
1214 3183 1244 3238 in
1260 3178 1336 3237 rebus
1362 3181 1397 3246 6
1413 3181 1520 3239 creditis
1546 3185 1676 3240 societatis
1698 3185 1807 3254 potiores

219 3251 323 3307 evitata
341 3270 380 3310 est
389 3254 409 3324 ‚'
427 3256 606 3320 nominatim,
634 3269 664 3310 ut
681 3271 751 3310 unus
764 3247 844 3323 ferat
858 3265 964 3320 partem
1062 3268 1124 3308 sunt
1141 3252 1202 3310 eltis
1219 3253 1294 3310 sociis
1304 3248 1367 3325 fero
1383 3249 1497 3310 cedentis
1510 3251 1688 3310 creditoribus.

221 3322 303 3396 lucri,
320 3321 353 3378 de
370 3324 472 3380 daretne
488 3343 539 3390 non
556 3339 686 3380 teneatur.
705 3323 855 3391 Apparente
871 3337 964 3378 tamen
992 3315 1036 3378 23.
1055 3320 1100 3378 De
1109 3317 1318 3393 fine'sacietetis
1333 3337 1378 3393 per
1405 3337 1516 3378 mortem
1543 3323 1623 3378 socii·
1650 3338 1699 3391 quo
1725 3341 1807 3392 usque
1880 3355 1881 3364 ε

218 3395 321 3450 enormi
337 3393 440 3452 lesione
453 3393 661 3520 peeffpniiionem
679 3409 729 3450 asse
745 3389 888 3450 arbitrium
909 3406 963 3448 ter-
1061 3390 1113 3450 bac
1130 3395 1159 3448 in
1171 3405 1248 3460 parte
1263 3391 1373 3450 societas
1398 3391 1568 3466 vectigalium
1648 3406 1693 3449 rat
1716 3415 1734 3448 a
1750 3392 1806 3460 pri-

218 3465 261 3532 tii,
277 3463 347 3522 locas
364 3481 406 3521 est
422 3484 494 3523 reme
512 3486 536 3522 co
554 3464 573 3521 l.
592 3481 618 3523 t.
637 3463 671 3521 C·
688 3463 722 3522 de
739 3461 855 3521 tetcind.
883 3461 962 3520 vend.
1060 3459 1152 3518 uate?
1169 3463 1217 3518 An
1234 3477 1345 3520 testator
1363 3461 1483 3522 heredem
1500 3460 1632 3519 damnare
1648 3473 1807 3518 testamento

161 3541 193 3605 9·
212 3533 294 3592 Attio
306 3549 353 3605 pro
370 3539 436 3591 socio
450 3536 602 3608 plerumque
618 3532 700 3590 datur
709 3529 795 3603 finita
821 3534 964 3598 sutriam
1059 3533 1139 3602 possit
1148 3571 1157 3602 ,
1174 3545 1205 3590 est
1222 3535 1252 3588 in
1269 3534 1393 3594 societate
1406 3529 1574 3603 perseveret?
1592 3531 1674 3588 Heres
1692 3531 1762 3599 socii,
1780 3533 1807 3587 si

237 3605 373 3678 uandeque
390 3604 424 3668 (t
441 3626 475 3662 ea
491 3605 616 3665 durante.
1061 3603 1165 3658 nonsit
1182 3600 1321 3670 adscitus,
1346 3622 1403 3675 art,
1421 3601 1455 3665 Θ
1471 3622 1520 3674 quc
1536 3619 1617 3673 sesque
1630 3600 1808 3660 emolumenti

156 3689 195 3730 ιο.
234 3694 262 3731 er
280 3677 412 3733 ciliorum
427 3689 473 3746 pra
490 3680 557 3734 socio
571 3691 684 3733 sentum
707 3686 832 3741 petuntur
855 3683 964 3739 preste·
1061 3689 1190 3728 successor
1207 3673 1261 3744 sic,
1287 3670 1322 3733 it
1336 3673 1404 3782 guid
1425 3671 1505 3732 distet
1524 3671 1565 3730 bic
1589 3669 1698 3742 publica
1722 3669 1807 3728 cciii·

219 3747 300 3802 tiones
315 3749 471 3819 personales,
488 3750 645 3818 neutiquam
662 3761 751 3800 rerunt
759 3743 878 3812 ipserum
891 3759 963 3810 tom:
1058 3741 1163 3815 galium
1181 3761 1200 3796 a
1215 3745 1340 3812 priuata.
1370 3743 1486 3815 Qualem
1504 3742 1609 3812 culpam
1635 3755 1736 3810 prestet
1758 3740 1806 3798 be-

221 3820 346 3874 munium
363 3815 468 3874 divisio.
1062 3811 1176 3868 ressocii
1193 3810 1389 3883 inperficiendis
1399 3833 1417 3866 a
1433 3808 1556 3885 defuniia
1573 3808 1713 3868 inchoatis?
1730 3810 1809 3883 Quid

154 3899 192 3943 tt.
210 3885 449 3954 Asprenatem
465 3883 612 3956 personales
627 3887 737 3954 pertinet
751 3883 886 3941 rationum
903 3877 962 3937 red·
1055 3883 1142 3953 juris,
1158 3883 1183 3938 si
1200 3887 1285 3942 sociere
1301 3880 1423 3954 quedam
1435 3884 1542 3957 gesserit
1559 3885 1680 3954 gnorent
1693 3895 1806 3938 mortem

217 3953 292 4012 ditio.
311 3954 853 4025 Hecabinitienonposesspuiioreenitti.
865 3953 962 4025 (luan-
1062 3946 1152 4008 socii?
1284 3961 1287 3970 ’

218 4025 260 4098 do,
278 4026 312 4091 itt
328 4027 421 4100 quibus
438 4024 594 4096 temporibus
608 4029 663 4094 peti
675 4029 772 4097 possit,
791 4025 923 4091 maxime,
940 4022 964 4078 si
991 4019 1036 4093 el,
1053 4020 1138 4078 Nemo
1151 4033 1235 4090 petest
1250 4023 1341 4080 invitis
1359 4022 1435 4078 sociis
1452 4021 1543 4080 ceteris
1571 4021 1658 4080 alium
1685 4041 1732 4080 sua
1750 4019 1804 4078 lose

219 4115 288 4153 unus
306 4102 389 4156 tacius
406 4098 498 4154 omnia
515 4093 637 4154 eratin?
722 4143 728 4154 .
1062 4087 1235 4149 substituere:
1254 4093 1409 4150 renunciare
1422 4107 1516 4148 tamen
1529 4107 1613 4162 potest
1629 4091 1751 4150 societati
1759 4111 1808 4147 est·

154 4179 193 4224 tt.
211 4164 274 4223 Huc
288 4169 373 4226 etiarn
389 4171 499 4239 pertinet
514 4167 585 4225 lucri
600 4163 634 4229 tit
658 4163 756 4225 damni
781 4163 962 4224 communica·
1058 4160 1148 4231 'presse
1164 4162 1210 4218 vel
1222 4162 1314 4220 tacite.
1333 4159 1411 4233 Quid
1415 4164 1513 4235 juris,
1531 4165 1555 4219 si
1573 4161 1686 4233 callide,
1703 4162 1747 4220 uel
1764 4163 1807 4218 in·

219 4239 256 4295 tio
265 4258 277 4303 ‚·
294 4242 384 4295 cautio
401 4236 432 4293 de
450 4240 520 4296 lucro
536 4235 570 4301 (et
586 4235 687 4294 damno
704 4233 801 4312 futuro
817 4232 964 4291 communi·
1058 4232 1216 4303 tempestive
1231 4231 1446 4290 renstetcieverit?
1463 4231 1498 4296 (t
1515 4251 1552 4289 an
1578 4234 1732 4293 renuntiari
1744 4245 1807 4308 pet·

219 4305 311 4365 cando.
331 4309 380 4365 An
397 4311 481 4368 seciees
498 4323 640 4379 teneatur,
657 4309 682 4363 si
705 4303 858 4378 acquirendi
875 4300 965 4362 coedi·
1063 4303 1100 4360 sit
1117 4302 1241 4360 societati
1257 4299 1449 4376 veiiigalium?
1496 4319 1497 4322 ’

217 4382 288 4436 tione
304 4395 367 4438 testes
384 4397 437 4435 noer
454 4374 515 4436 sit?
531 4380 580 4434 An
597 4379 702 4436 lucrum
718 4373 888 4434 cumdamno
902 4387 965 4442 pen·
994 4365 1037 4429 25.
1056 4371 1115 4443 Quo
1133 4367 1208 4428 medo
1225 4375 1389 4431 rmunciaeia
1406 4366 1471 4442 ficri
1487 4369 1587 4440 possit?
1605 4391 1641 4430 en
1665 4369 1699 4435 tit
1713 4385 1807 4442 preest·

219 4446 345 4521 tandum,
363 4451 389 4504 si
404 4451 435 4504 in
450 4446 609 4522 quibusdam
618 4447 755 4522 diligentia
772 4447 965 4568 martinengo·
1067 4438 1159 4500 retar?
1177 4442 1229 4506 An,
1238 4443 1400 4507 procuratori
1416 4442 1495 4500 sotii?
1508 4460 1558 4512 are,
1572 4440 1607 4504 Θ
1623 4439 1807 4513 quomadocb7

210 4517 308 4592 suerit,
325 4524 356 4576 in
371 4517 435 4576 aliis
451 4520 608 4593 negligencia
624 4536 734 4577 summa
750 4512 886 4576 nocuerit?
932 4531 966 4568 e·
1065 4516 1134 4572 senti
1151 4507 1235 4570 socio?
1251 4513 1299 4570 An
1317 4507 1430 4584 sufficiat
1446 4515 1671 4574 renunciationem
1677 4513 1808 4582 privatim

164 4655 167 4665 Ι
218 4606 275 4647 stet
293 4593 399 4661 culpam
417 4589 602 4662 levissimam,
630 4592 653 4645 si
672 4590 702 4644 in
718 4589 773 4646 suis
798 4583 966 4675 diligentissi·
1057 4582 1132 4656 fieri,
1148 4601 1186 4639 an
1202 4601 1263 4644 vero
1273 4579 1374 4653 publice
1382 4577 1570 4656 fieciendasit,
1586 4581 1807 4644 dietinibionece·

166 4692 171 4704 ·
216 4673 279 4718 enus
298 4663 343 4728 siet
361 4660 405 4720 vel
415 4675 505 4730 prater
524 4675 629 4731 operam
638 4662 742 4730 insuper
759 4655 966 4727 artificsesmtet·
1059 4653 1190 4784 plicetur·
1280 4699 1283 4706 ·
1476 4715 1480 4724 ,
1572 4689 1584 4704 ν

222 4731 325 4806 eriserit
343 4729 383 4811 ael
396 4731 596 4804 explicationem
613 4729 634 4788 l.
653 4729 696 4791 52.
714 4722 740 4805 §-
759 4745 785 4788 e.
804 4727 833 4788 ti
851 4726 880 4788 h.
899 4738 919 4786 t.
959 4749 967 4764 ⁴
991 4719 1040 4800 ¹eit
1082 4723 1165 4784 initur
1182 4717 1382 4795 sotietasfinito
1399 4725 1517 4799 negotio,
1542 4719 1715 4795 publicatione
1733 4719 1811 4781 boec·
