4040 5364
824 239 874 308 De
890 238 1028 309 aderio.
1553 277 1558 294 .
1642 229 1708 325 rifi

99 329 204 392 „etiam
222 339 284 400 post
300 323 603 392 itisssnststionem
619 329 764 390 aarum
781 329 861 391 saise
896 351 931 392 erc
959 345 1104 402 antequam
1122 329 1164 391 vel
1180 327 1317 392 monum
1344 303 1482 404 onmia,
1508 332 1536 392 or
1555 328 1757 404 impetrationes

15 419 16 422 ’
114 418 250 472 responso
267 397 345 458 Pauli
364 413 429 460 ante
447 399 563 476 allegato
588 403 620 460 in
637 402 655 458 l.
675 401 702 471 d.
729 395 756 468 6.
774 375 880 472 ulnffi'
897 402 932 459 de
959 419 975 458 a
992 401 1176 462 Constantino
1194 400 1300 462 mantnt
1318 397 1428 461 sublatae
1454 403 1484 458 in
1502 405 1543 460 tit.
1561 401 1589 458 C.
1607 400 1639 456 dr
1648 399 1756 474 formu-

114 469 266 542 matthas,
284 487 365 542 quem
383 470 433 530 sub
449 473 542 530 eodem
558 469 703 530 Antonino
722 471 852 543 floruisse,
867 469 931 531 tides
960 473 992 529 lit
1019 469 1153 540 sublatis,-
1184 471 1227 532 vel
1254 468 1371 531 'adicem
1401 471 1581 542 pedaneorum
1607 471 1757 530 dandorum
1873 525 1882 543 ,

116 541 239 602 historie
257 538 431 600 manifestum
448 537 523 600 facit.
542 541 638 616 Neque
654 543 689 600 ad
706 543 745 616 id,
762 554 793 600 ut
820 553 878 611 post
894 541 930 598 li·
960 558 1017 600 mos
1033 559 1065 598 ac
1082 537 1197 602 facultas
1214 559 1230 597 a
1276 540 1423 600 iocletiano
1439 545 1467 602 dr
1481 539 1652 600 Maximiano
1667 553 1757 598 muta·

116 625 175 671 tem
191 623 375 695 contestatam
391 614 508 696 mutatio
526 612 592 686 fiat,
608 609 664 670 ulla
687 614 838 672 existimem
865 630 931 680 opus
961 625 988 668 ta
1007 609 1060 672 itt
1092 630 1122 696 'r
1141 613 1158 668 l.
1174 613 1260 682 placet
1281 631 1303 670 a.
1322 611 1350 668 C.
1368 610 1401 696 do
1407 611 1530 682 pedeneis
1543 607 1697 696 judicibes,
1707 609 1756 670 ad

116 682 200 764 fuisse
210 695 337 752 pretoria
355 684 385 740 in
401 693 536 768 integrum
543 683 724 754 restitutione,
769 681 857 764 asieri
867 699 930 739 cau·
959 699 1041 752 eoque
1058 683 1077 737 il
1091 701 1113 740 ts
1129 681 1310 755 temporibus,
1332 682 1428 808 {petbus
1444 681 1531 743 adhue
1549 699 1627 766 vetus
1644 683 1755 750 pudacio-

119 773 150 837 aa
170 753 234 824 lusti
242 756 360 823 erroris,
377 768 438 810 cum
454 753 483 812 td
501 770 584 838 oeque
601 753 670 826 leges
685 753 719 811 de
734 749 824 838 ,ibellr
841 763 929 810 muta-
959 769 1020 836 rum
1036 753 1105 836 ordo
1122 753 1151 840 in
1169 771 1219 812 usu
1234 765 1328 836 erat..
1357 764 1444 810 ttutra
1472 768 1535 811 veto
1551 767 1621 808 mira
1641 763 1756 821 praten-

117 822 225 961 :tte
292 824 543 966 tentastis?
559 821 698 966 deira.
712 821 930 961 iitr‘rtar
958 819 1604 975 iteratam‘tretraptota
1615 821 1758 950 amiate

121 959 279 1034 strionibus,
287 963 382 1034 prippe
399 967 497 1033 inquo
515 981 599 1032 neque
615 966 650 1023 de
666 960 751 1020 libelli
769 965 930 1032 mutatione,
959 977 1054 1034 posset,
1077 963 1100 1018 si
1118 959 1211 1020 locoa
1241 977 1311 1018 tonis
1327 959 1413 1019 stridit
1438 965 1503 1033 puris
1519 980 1566 1031 iter
1580 934 1669 1021 libelli
1695 979 1756 1018 mu-

126 1031 256 1105 nequede
271 1033 441 1091 restitutione
458 1031 493 1090 ad
511 1035 704 1100 impetrandam
721 1034 878 1090 mutationis
894 1029 928 1087 li·
958 1033 1090 1090 tationem
1107 1027 1183 1088 bona
1200 1029 1262 1090 fidei
1278 1027 1351 1088 attio
1367 1030 1591 1104 substitueretur,
1612 1033 1639 1092 dr
1658 1033 1697 1089 ita
1714 1029 1756 1103 ju·

120 1105 242 1162 centiam
258 1118 345 1160 sermo
358 1115 407 1174 est,
418 1101 462 1175 (de
471 1108 621 1160 mutatione
628 1108 701 1162 emm
710 1103 740 1162 in
758 1095 783 1174 p.
794 1097 928 1169 54.ἃό5.
957 1102 1009 1160 dex
1025 1117 1087 1158 cum
1106 1099 1221 1160 sornurla
1238 1097 1332 1158 striila
1348 1099 1445 1174 datus,
1463 1107 1492 1160 in
1514 1119 1566 1172 qua
1585 1101 1660 1161 nulla
1677 1101 1756 1160 bone

13 1233 16 1239 ,
116 1173 229 1230 demum
247 1169 446 1240 traiiaturlsed
462 1172 496 1230 de
505 1173 674 1232 restitutione
683 1173 808 1232 adversus
819 1183 927 1230 senten·
958 1169 1019 1230 lidei
1035 1175 1139 1230 mentio
1156 1185 1227 1242 erat,
1244 1187 1338 1231 omnes
1355 1173 1535 1241 prestationes
1552 1171 1690 1231 aiiionum
1707 1173 1756 1230 bor

118 1245 192 1300 tiam
211 1237 312 1312 judicis,
323 1248 368 1316 qui
386 1253 492 1314 propter
509 1241 565 1313 plus
574 1245 732 1314 petitionem
748 1239 842 1300 libello
856 1259 927 1300 conr·
958 1260 998 1298 no
1016 1238 1077 1298 fidei
1094 1242 1229 1300 sententia
1247 1245 1432 1311 suapotutsset
1449 1239 1606 1312 completis.
1622 1241 1660 1302 Ur
1679 1253 1755 1304 erent

115 1307 928 1394 preberemnequcabatioreenendatamreumexvereris
956 1311 1057 1368 etenim
1074 1315 1127 1368 iata
1144 1309 1290 1383 nonnihil,
1307 1317 1330 1368 si
1347 1329 1363 1367 a
1380 1313 1500 1392 pretoria
1550 1314 1644 1374 nderet
1660 1261 1756 1374 icini·

117 1387 186 1455 piris
194 1382 372 1450 dispositione
389 1380 550 1454 absolverat,
567 1386 646 1442 &ita
664 1355 796 1454 effecerat,
814 1379 928 1439 utadlor
955 1382 1085 1449 tione,·&
1103 1377 1230 1453 arbitrio,
1245 1398 1282 1438 an
1300 1400 1328 1437 ea
1338 1378 1405 1439 berra
1410 1381 1469 1452 fide
1476 1332 1556 1453 ,aiiii
1574 1382 1691 1454 iudicare
1707 1385 1755 1444 de-

115 1469 199 1510 causa
217 1451 329 1511 caderet
348 1451 445 1522 inpltts
453 1453 593 1522 petitionis
601 1469 715 1523 poenam.
735 1449 827 1510 Distat
835 1463 927 1511 autem
956 1449 1048 1522 beret,
1073 1469 1124 1508 nec
1141 1469 1193 1508 ne.
1221 1449 1274 1510 Sed
1293 1467 1353 1508 cum
1371 1469 1426 1510 non
1444 1447 1526 1510 fuerit
1551 1469 1597 1522 per
1616 1465 1754 1524 pretorem

103 1523 202 1596 'longe
221 1522 360 1581 restitutio
376 1523 501 1582 adversae
525 1529 689 1602 sententiam
715 1519 927 1594 absolutoriam,
954 1519 1156 1592 deliniendum,
1182 1519 1283 1602 sedtab
1299 1523 1356 1592 ipso
1368 1518 1429 1605 jure
1445 1522 1671 1598 determinatum,
1697 1527 1761 1596 qua'

112 1597 163 1652 cui
181 1586 297 1650 {menda
314 1608 422 1650 totamm
438 1591 584 1662 prebuerat
604 1603 688 1663 pastus
706 1587 804 1649 ablotis
831 1609 926 1663 error,
954 1603 1041 1650 essent
1059 1587 1134 1649 bone
1152 1585 1234 1663 fidei,
1253 1609 1310 1661 qua
1327 1587 1414 1648 strriii
1429 1589 1495 1664 juris
1510 1609 1545 1648 ne
1563 1594 1641 1668 otia,
1659 1613 1707 1656 nee
1724 1611 1756 1652 a·

114 1665 215 1732 distat,
232 1664 356 1733 inquam,
373 1661 451 1736 longe
469 1660 504 1718 ab
512 1678 554 1730 ea,
571 1663 668 1730 quoad
680 1660 818 1720 licentiam
834 1678 926 1718 emen-
955 1661 1022 1716 liam
1038 1657 1075 1716 ob
1091 1677 1200 1718 eausam
1217 1673 1314 1731 prator
1332 1656 1451 1721 formula
1467 1662 1529 1720 addi
1549 1665 1612 1738 erit,
1631 1664 1674 1722 vel
1684 1669 1711 1721 in
1722 1683 1754 1724 ea

12 1763 14 1770 ·
115 1733 205 1794 dandi
223 1741 289 1789 ante
297 1735 462 1792 sententiam
478 1728 601 1790 libellum
617 1748 759 1790 erroneum
775 1732 859 1802 gratis
876 1731 921 1790 de-
955 1731 1162 1804 pretenniserit,
1179 1729 1246 1790 illud
1263 1750 1294 1787 ea·
1308 1727 1377 1792 bone
1388 1731 1456 1803 fide,
1473 1748 1554 1800 quam
1570 1735 1633 1803 quia
1650 1735 1754 1808 negotii

114 1805 266 1874 rideretur,
284 1821 341 1860 non
360 1800 504 1872 probatur.
537 1799 598 1859 Nec
615 1799 658 1859 bis
675 1799 839 1874 adversanan
856 1801 925 1872 quod
954 1799 1104 1860 ventilandi
1121 1799 1285 1878 &odionis
1302 1799 1338 1858 ab
1351 1803 1432 1862 initio
1448 1802 1525 1860 edita
1543 1816 1641 1862 nattua
1658 1805 1754 1866 mexi-

115 1873 186 1932 olim
204 1875 233 1932 δι
251 1867 322 1932 aetio
338 1889 356 1928 a
373 1887 482 1942 pretore
508 1873 536 1930 br
555 1868 632 1942 judex
650 1869 767 1930 debatur
789 1889 852 1928 cmo
868 1870 925 1926 for·
971 1870 1033 1929 ebat
1067 1871 1132 1930 dum
1205 1870 1385 1942 componebat
1403 1875 1432 1928 in
1451 1870 1532 1931 verba
1549 1872 1624 1947 litis,
1650 1875 1753 1946 idest,

115 1944 195 2002 mule
215 1943 433 2014 prescriptione,
449 1945 492 1998 eui
510 1937 589 2010 iudet
606 1940 845 2013 adstribiuserat,
862 1939 925 2000 sub·
954 1890 1099 1998 formulam
1115 1941 1150 2009 da
1188 1951 1199 1995 t
1217 1959 1266 2010 pro
1285 1945 1364 2000 varie
1382 1940 1438 1998 litis
1454 1941 1619 2016 conditione,
1638 1943 1708 2002 unde
1725 1947 1753 2004 dr

116 2015 294 2074 neodemnn
313 2011 581 2080 perconctantinum
598 2030 648 2069 usu
660 2006 846 2084 sotmralatum,
862 2026 925 2069 tau·
954 2011 1067 2070 sablatis
1084 2009 1156 2070 hisce
1165 2007 1287 2068 formulis
1305 2010 1482 2072 nibilominus
1499 2019 1570 2072 inter
1580 2019 1686 2087 negotia
1705 2013 1754 2070 bo·

115 2103 200 2158 quam
209 2083 389 2153 aucupatione
405 2077 571 2154 syllabarum
588 2077 746 2139 cunilorum
764 2078 868 2138 settim
882 2082 925 2137 in·
955 2103 995 2141 ne
1013 2080 1076 2140 fidei
1093 2082 1121 2140 tir
1139 2075 1224 2156 stribii
1244 2079 1309 2152 juris
1324 2083 1422 2142 eadem
1431 2122 1441 2154 ,
1458 2099 1514 2152 quae
1531 2082 1613 2153 olim,
1629 2081 1754 2142 differen-

115 2153 288 2226 sidiantium,
306 2153 324 2207 l.
346 2171 370 2209 r.
388 2150 423 2216 m
439 2167 485 2208 tot.
503 2153 545 2207 tit.
565 2152 591 2207 C.
610 2147 774 2224 deformatis
793 2149 825 2214 (a
844 2152 925 2220 impe·
956 2155 999 2208 tia
1026 2151 1173 2209 secundum
1217 2169 1247 2209 ro
1264 2154 1334 2208 riam
1358 2157 1459 2226 negotii
1480 2149 1524 2224 cuj
1570 2158 1614 2212 ue'
1629 2159 1754 2210 naturam

11 2233 15 2240 '
116 2243 183 2284 teet.
202 2225 257 2282 ati.
277 2220 406 2280 sublatis.
425 2217 546 2292 Etenim,
565 2226 588 2278 si
607 2220 635 2280 id
651 2223 769 2280 marinis
786 2223 816 2278 in
834 2221 921 2281 strttit
954 2239 984 2278 su
1017 2232 1114 2291 rotant,
1139 2215 1222 2293 (v'e
1298 2221 1409 2280 tardum
1433 2222 1513 2281 orati.
1560 2221 1753 2296 epraejudiciir

162 2291 354 2354 irailionibus
369 2291 518 2352 obtinuisse
534 2293 760 2359 concesserimus,
787 2305 878 2348 tanen
897 2294 924 2346 in
954 2291 977 2350 lr'
992 2316 1013 2348 r.
1034 2308 1057 2349 ι.
1078 2304 1135 2360 cap.
1154 2288 1179 2348 5.
1198 2289 1331 2349 Vinnium
1348 2289 1390 2346 od
1401 2289 1438 2360 ff.
1457 2289 1498 2350 28.
1514 2289 1752 2353 [reclamatore.

176 2387 196 2423 a
215 2363 276 2426 fidei
295 2365 410 2435 negotiis
439 2359 584 2418 liberiora
602 2358 717 2418 memula
734 2361 876 2420 recedendi
894 2381 926 2416 es
955 2359 1001 2436 a)
1018 2360 1084 2419 hine
1100 2361 1184 2420 miam
1200 2357 1276 2418 nulla
1292 2359 1415 2420 confinio
1433 2359 1493 2436 suit,
1509 2364 1533 2419 si
1546 2377 1650 2422 mutata
1668 2361 1754 2422 som

117 2438 188 2494 bora
207 2434 266 2507 fide
281 2446 398 2503 potestas
424 2443 502 2489 erat.
578 2455 582 2464 ·
613 2449 694 2501 quam
721 2450 771 2490 nee
789 2433 819 2490 in
837 2425 924 2488 stribli
956 2435 998 2492 nis
1015 2429 1155 2502 qualitate,
1174 2431 1229 2502 ipsa
1246 2447 1350 2502 quoque
1366 2433 1485 2503 pistoris
1503 2429 1620 2490 formula
1645 2433 1681 2491 ab
1699 2432 1754 2490 ini·
1780 2496 1789 2510 s

116 2507 185 2580 iuris
202 2502 355 2562 ailionibus
372 2503 441 2561 adeo
457 2517 522 2560 coar
550 2513 623 2559 atam
649 2521 682 2560 ex
700 2497 816 2558 formaria
833 2501 926 2558 existi·
956 2509 996 2560 tio
1014 2501 1168 2572 proposita,
1184 2517 1233 2572 pro
1251 2515 1292 2558 ter
1309 2503 1540 2570 supervenientem
1557 2505 1735 2562 mutationem

118 2593 191 2635 naetn
213 2575 272 2633 dari
292 2571 387 2644 iudicis
439 2582 580 2644 testatem,
606 2583 637 2630 ut
653 2571 686 2630 de
702 2577 744 2644 iis,
762 2590 817 2642 qua
835 2569 928 2630 libello
955 2569 1057 2630 odiloni
1073 2589 1132 2630 marr
1167 2582 1217 2628 ate
1233 2519 1378 2630 baberetur
1395 2575 1607 2648 accommodata,
1624 2547 1755 2634 &itavel

119 2655 225 2704 mumta
242 2639 377 2717 essent,'
413 2641 504 2699 icandi
522 2655 636 2711 potestas
655 2642 789 2700 videretur
811 2641 926 2712 denega·
956 2647 1059 2700 munita
1086 2638 1130 2698 vel
1165 2648 1275 2700 estituta
1302 2660 1334 2700 ea
1353 2637 1472 2700 formulas
1515 2657 1591 2716 arte,
1616 2663 1671 2714 qua
1693 2657 1754 2702 erat

119 2731 169 2774 ta.
188 2713 340 2776 Adattiibts
357 2713 432 2774 enirn
449 2707 571 2774 formula
587 2713 754 2783 potissimum
769 2710 926 2781 dicebatur,
955 2726 1085 2782 concepta
1101 2709 1134 2768 de
1151 2709 1287 2781 bonafide
1331 2723 1409 2785 prout
1428 2712 1456 2770 id
1473 2664 1586 2772 agionis
1610 2727 1754 2788 surrogatos

118 2789 150 2844 in
167 2797 302 2870 Qucum
319 2800 376 2840 non
395 2791 500 2852 poterat
517 2799 553 2841 etr
571 2781 645 2840 bono
667 2785 694 2842 dr
712 2799 788 2856 equo
802 2781 935 2840 excedere·
955 2781 1070 2858 qualitas
1097 2779 1271 2850 postulasset.
1296 2751 1415 2840 ’liniere
1431 2783 1512 2845 modo
1556 2799 1610 2856 quo
1627 2785 1653 2842 id
1669 2788 1754 2842 etiarn

99 2869 241 2928 ‚partium
265 2853 478 2912 conventionem
504 2869 536 2908 ac
556 2853 735 2924 petitionemt
761 2869 817 2910 non
844 2869 926 2920 vero,
955 2857 1093 2922 eveniret,
1114 2867 1176 2908 cum
1193 2863 1285 2910 notua
1302 2850 1469 2922 litigantium
1487 2865 1628 2910 vountate
1645 2866 1702 2924 post
1721 2851 1754 2910 li-

116 2927 190 2996 quod
208 2940 265 2980 non
283 2936 369 2992 posset
387 2921 567 2979 condemnare
585 2924 673 2993 adea,
688 2941 744 2994 qus
761 2919 856 2978 libello
867 2937 926 2975 mu-
956 2936 1010 2980 tem
1026 2933 1206 2980 contestatam
1223 2922 1341 2978 mutatio
1359 2917 1444 2978 libelli
1461 2933 1509 2979 aut
1527 2919 1642 2982 otilonis
1660 2921 1699 2995 rit,
1715 2928 1755 2982 sio

116 3008 180 3052 teto
199 2991 306 3050 fuerant
325 2992 487 3050 nominatim
503 2989 693 3062 comprehensa
712 3009 745 3048 ac
759 2992 859 3062 petita.
880 2983 926 3045 ln·
956 3006 986 3050 ut
1002 2992 1036 3050 de
1052 2990 1107 3047 alia
1125 2985 1231 3048 atiione
1253 2988 1332 3060 judex
1351 2987 1465 3062 iudicet:
1494 2993 1523 3049 in
1541 3005 1671 3062 quantum
1688 3009 1754 3057 tunc

116 3065 186 3122 nuit
214 3061 244 3118 id
260 3061 326 3116 satis
352 3078 406 3118 non
421 3063 503 3122 modo
529 3057 721 3120 contratlmrm
743 3063 772 3120 dc
788 3055 926 3116 aaronem
957 3078 1012 3118 non
1028 3077 1094 3129 opus
1111 3073 1151 3118 est
1168 3057 1223 3116 alia
1240 3055 1355 3117 ailionis
1371 3058 1492 3120 editione
1509 3064 1577 3133 apud
1595 3076 1754 3140 pretorem,

117 3133 203 3190 bons
231 3125 293 3186 fidei
319 3145 349 3186 ac
366 3129 449 3189 striiii
476 3127 543 3201 iuris
570 3132 715 3201 descriptio
741 3128 927 3188 alustiniano
957 3147 1005 3188 nec
1022 3147 1095 3188 nova
1116 3127 1254 3195 farinula,-
1284 3130 1330 3188 sed
1348 3135 1433 3206 magis
1460 3133 1534 3202 prior
1560 3132 1608 3190 illa
1637 3129 1755 3194 formula

117 3198 262 3274 proposita
281 3201 322 3256 tit.
333 3197 408 3257 'Iera
425 3201 457 3257 de
473 3199 576 3276 obligat.
594 3219 767 3272 recorrentes,
785 3199 823 3269 ff·
842 3195 923 3257 inbo-
956 3201 1074 3270 pretoria
1090 3195 1262 3270 iniomaator,
1279 3198 1399 3274 lingitur,
1416 3215 1538 3262 censetur
1554 3205 1755 3263 aceotnmodata

116 3291 160 3332 are
167 3267 243 3343 fidei
257 3261 300 3325 30.
319 3267 410 3327 Instit.
421 3268 463 3326 -de
480 3267 638 3342 emtoribus,
657 3272 702 3330 sed
721 3273 749 3330 br
768 3271 840 3328 mter
859 3265 926 3334 iudi·
957 3277 1065 3344 negotio
1082 3282 1195 3342 mutato,
1214 3269 1294 3340 idque
1307 3269 1380 3328 velut
1388 3272 1472 3329 tacita
1490 3272 1610 3342 praetoris
1628 3273 1754 3333 volunta·

116 3362 162 3401 ces
179 3337 349 3411 arbitrorque
364 3335 533 3414 diffitentis
568 3339 730 3399 rSenecam
756 3333 782 3396 3.
800 3337 833 3394 do
849 3337 925 3394 berte·
955 3353 1000 3398 te.
1028 3336 1066 3396 Er
1083 3340 1124 3399 uti
1142 3342 1249 3409 pretori
1276 3357 1334 3398 non
1351 3337 1382 3398 iit
1400 3339 1516 3414 inparia,
1542 3342 1607 3400 dum
1625 3339 1703 3412 judex
1721 3365 1754 3404 ex

111 3412 187 3488 ficiis
205 3425 263 3480 cap.
282 3426 307 3484 7.
324 3408 466 3468 exhibita.
485 3409 535 3490 Me
550 3413 602 3483 'or,
619 3413 728 3485 inquit,
746 3409 849 3468 videtete
866 3427 926 3464 corr-
955 3410 1120 3496 litigantium
1138 3407 1275 3468 voluntate
1291 3411 1390 3469 recedit
1412 3429 1429 3468 a
1447 3409 1580 3480 formula,
1605 3415 1669 3486 quia
1688 3432 1757 3486 pra-

118 3481 187 3540 ditio
205 3498 292 3538 caete
308 3477 389 3555 bono,
406 3483 430 3536 si
447 3478 488 3535 ad
495 3477 637 3552 podicem,
659 3501 741 3553 quam
759 3485 782 3537 ri
799 3476 841 3533 ad
854 3475 926 3534 arbi·
956 3495 1010 3538 tort
1027 3481 1166 3552 negotium
1183 3493 1223 3537 est
1239 3481 1366 3539 dirimere
1383 3479 1454 3554 lites,
1472 3479 1603 3553 incanae
1621 3483 1755 3542 huncob-

117 3570 193 3611 trum
211 3555 348 3622 mittatur,
366 3553 430 3624 quia
447 3549 525 3607 illam
535 3547 657 3622 fhrmrele
676 3548 804 3630 includit,
821 3547 854 3609 (al
872 3567 926 3604 ter·
956 3555 1043 3620 tinet,
1069 3567 1131 3608 cum
1148 3549 1285 3621 litigantes
1301 3558 1395 3620 sponte
1412 3551 1539 3608 recedunt
1562 3569 1641 3622 opera
1660 3551 1755 3638 meliis

117 3639 177 3695 ter,
196 3641 257 3694 puer
275 3641 326 3678 reon
342 3619 467 3693 excedat,
491 3621 614 3678 terrerireot
629 3624 718 3692 ponit,·
744 3617 824 3690 borres
844 3615 927 3674 libera
954 3621 1024 3693 dati,
1041 3615 1076 3676 D.
1094 3617 1190 3678 Noodt
1207 3615 1238 3676 ds
1248 3617 1435 3692 jurisditione
1452 3619 1512 3678 libr.
1533 3639 1556 3678 r.
1574 3638 1630 3693 sep.
1647 3637 1753 3700 impag.

116 3691 152 3757 6
171 3688 405 3749 summonitio
421 3689 534 3748 vinculis
551 3691 655 3768 religio,
672 3689 706 3754 Θ
723 3687 859 3746 detrahere
876 3685 927 3742 ali-
956 3688 999 3748 55.
1018 3695 1058 3746 ita
1075 3705 1176 3760 quoque
1193 3700 1300 3766 mutato
1326 3684 1418 3748 libello
1434 3706 1467 3746 ex
1485 3691 1565 3748 unius
1590 3690 1687 3751 satoris
1704 3712 1754 3766 vo·

116 3761 189 3836 quid
200 3777 300 3835 potest,
327 3759 361 3823 (o
377 3757 515 3835 atdjicere,
545 3758 579 3823 (aa
594 3762 755 3818 sementiam
780 3777 860 3816 suem
875 3775 927 3813 eron
956 3757 1061 3818 lentate
1104 3771 1200 3828 prator
1226 3757 1366 3816 obtinebat
1384 3758 1472 3818 adhuc
1497 3777 1574 3818 suum
1598 3759 1697 3832 finem,
1722 3781 1755 3826 ut

116 3848 195 3904 prom
212 3833 270 3902 leae,
286 3848 337 3888 aret
349 3827 468 3904 justitio
480 3827 595 3902 ruedm,
620 3831 669 3887 red
697 3846 754 3888 roret
771 3825 927 3886 hamanitas
956 3847 1051 3899 nernpe
1067 3799 1128 3888 lites
1145 3830 1343 3901 terminentur,
1367 3839 1440 3899 proter
1458 3829 1499 3907 leot
1516 3830 1549 3894 Θ
1559 3832 1673 3905 justitia
1690 3855 1756 3894 sua·

118 3899 156 3965 6
174 3899 352 3958 misericordia
369 3902 493 3976 impulit,
510 3921 611 3975 regare,
635 3846 738 3959 seiffcet
756 3893 870 3956 somnula
888 3898 927 3952 ita
957 3903 1038 3972 serit,
1054 3905 1126 3957 inter
1143 3915 1206 3968 eos,
1232 3899 1275 3967 qui
1293 3899 1328 3957 ad
1346 3915 1409 3957 eum
1428 3901 1457 3955 in
1475 3919 1514 3972 pas
1533 3915 1683 3976 venerunt,
1710 3917 1754 3967 sat

11 4031 12 4036 ,
119 3973 158 4034 ad
176 3985 265 4046 certos
282 3972 507 4049 terminor„quos
516 3971 704 4044 nonexoedat,
721 3965 868 4026 includitur
885 3963 927 4038 ju·
958 3969 1025 4041 iuna
1041 3985 1121 4029 causa
1136 3980 1298 4041 apparente,
1313 3987 1361 4026 cur
1379 3967 1448 4026 hanc
1465 3975 1628 4053 sententiam
1645 3977 1755 4043 perinde

117 4043 183 4115 dett,
201 4057 231 4100 ut
251 4060 306 4100 oon
326 4047 407 4114 possit
425 4041 544 4112 iudicate
558 4056 632 4112 prout
651 4041 808 4100 humaniter
825 4035 858 4102 (a
875 4038 927 4094 mi-
957 4054 1043 4098 ratam
1061 4036 1178 4112 habeat,
1205 4056 1237 4094 ac
1255 4041 1278 4094 si
1293 4055 1327 4096 ex
1346 4035 1460 4098 formula
1478 4037 1533 4111 ejus
1549 4043 1696 4126 pudicarum
1711 4066 1753 4106 es-

117 4113 261 4174 tericorda
279 4111 432 4182 impulerit,
451 4109 498 4168 red
509 4124 584 4179 prem
602 4113 641 4170 lex
658 4110 692 4176 lo·
702 4111 818 4187 justitie
836 4127 927 4166 tuate
956 4123 1015 4172 set.
1043 4105 1081 4166 Et
1099 4106 1161 4167 licet
1178 4105 1283 4166 libellus
1301 4109 1459 4168 immutatus
1485 4130 1531 4170 reo
1548 4126 1646 4173 uerum
1671 4116 1754 4175 eden-

118 4187 174 4240 rit:
202 4181 334 4254 indicabit
352 4195 442 4241 autem
459 4191 537 4253 prout
562 4179 604 4240 lex
621 4185 733 4241 eraserit
758 4198 790 4238 ac
807 4177 928 4261 justitia,
956 4181 1006 4240 dus
1022 4181 1068 4252 sit,
1085 4180 1170 4239 salitio
1186 4191 1277 4236 autem
1293 4179 1362 4247 apud
1381 4192 1519 4247 pretorem
1541 4178 1623 4242 fuerit
1651 4181 1754 4249 facien-

117 4262 204 4316 atiam
221 4268 283 4324 post
302 4249 402 4311 fream
419 4249 505 4310 libelli
531 4253 731 4312 mutationem.
759 4247 798 4307 lit
814 4267 879 4308 sane
904 4265 928 4305 st
956 4252 1000 4324 da,
1018 4263 1111 4308 tamen
1128 4245 1319 4306 libellitmatati
1338 4247 1487 4310 editionem
1503 4269 1592 4312 russas
1609 4257 1755 4328 apudprae-

118 4333 174 4386 ista
193 4320 372 4381 formidatum
387 4321 539 4394 diversitas,
609 4319 725 4396 Δῐιιιϋοεε
742 4319 855 4408 pedanei
867 4316 928 4378 .da-
956 4334 1044 4378 torem
1060 4318 1181 4378 debuime
1199 4315 1266 4392 lieri,
1284 4321 1406 4392 nuspiam
1422 4323 1571 4396 traditum,
1589 4343 1638 4385 nec
1655 4327 1754 4399 proba-

116 4397 221 4456 bantur
238 4400 268 4454 in
287 4393 364 4478 bona
383 4391 444 4452 idei
461 4411 493 4452 ac
509 4341 679 4477 staffines
696 4391 819 4466 judaciis,
845 4393 928 4457 impe-
957 4387 1011 4450 bile
1027 4403 1092 4460 esta,
1113 4405 1175 4448 cum
1192 4407 1240 4448 nec
1255 4407 1326 4476 nova
1342 4408 1407 4460 opus
1425 4387 1507 4476 fuerit
1529 4393 1558 4454 in
1576 4391 1616 4466 ins
1634 4401 1754 4457 vocatio-

117 4465 245 4526 dirmnto
263 4461 358 4524 fnisset
403 4468 563 4536 quominus
578 4475 639 4546 post
657 4461 733 4520 litem
749 4473 928 4519 contestatam
958 4483 1002 4534 ne,
1017 4467 1152 4535 magisque
1168 4459 1332 4519 submutatao
1348 4457 1522 4523 libellrsuerit
1549 4463 1672 4540 &qualis
1687 4488 1755 4528 con-

117 4537 243 4598 mutatio
259 4531 348 4592 libelli
366 4503 445 4592 iteret
459 4534 554 4592 eodem
577 4533 676 4605 remmio
700 4543 847 4600 manente,
873 4545 927 4585 non
956 4535 1063 4592 tinuata
1088 4530 1144 4590 litis
1160 4527 1297 4604 tradlatio,
1314 4548 1393 4602 mum
1411 4551 1483 4594 nova
1536 4541 1601 4608 tio,
1627 4539 1753 4596 onmibus
1858 4591 1862 4603 ,

118 4613 158 4666 ita
174 4604 343 4681 generaliter
365 4605 567 4664 deportatione
584 4606 757 4675 rmcripsisset
782 4601 928 4670 Imperator
958 4600 1085 4660 inlocum
1103 4602 1222 4674 priorum
1239 4601 1441 4682 emendatorum
1458 4610 1624 4682 surrogatis.
1643 4605 1675 4666 Si
1683 4625 1752 4676 qua·

10 4697 12 4704 ’
119 4679 286 4738 Antonium
303 4680 334 4736 in
351 4677 379 4735 d.
397 4675 417 4733 l.
435 4669 463 4732 3.
480 4673 510 4730 C.
529 4672 562 4730 de
579 4671 675 4732 ederedo
714 4684 761 4730 aut
779 4667 928 4743 respondis·
958 4688 1016 4747 ras,
1032 4689 1080 4730 cur
1096 4689 1160 4748 ergo
1185 4673 1216 4732 in
1232 4669 1319 4734 esitii
1341 4675 1407 4744 puris
1432 4677 1548 4749 negotiis
1575 4675 1652 4746 iudex
1674 4677 1753 4738 dattas

117 4761 159 4808 eet
177 4751 252 4808 circa
270 4751 342 4808 idem
361 4745 419 4808 sere
436 4757 449 4802 t
559 4758 607 4803 arat
624 4714 704 4818 panio
729 4743 812 4801 serius
831 4736 929 4799 Paulus
958 4749 1208 4829 necnexceptionem
1226 4763 1275 4804 nec
1292 4745 1520 4829 compensationes
1545 4747 1686 4808 admittere
1702 4765 1752 4818 po-

118 4818 193 4896 iol·
213 4820 235 4896 l
252 4819 279 4896 i·
298 4820 335 4892 tf·
354 4811 454 4894 ult-ff·
525 4814 614 4892 ml·
640 4813 695 4882 σθ·
721 4825 833 4892 wius
858 4821 930 4876 ⁶⁸³⁰
958 4821 1049 4892 titiis
1065 4831 1120 4894 ¹²¹⁵}
1137 4809 1251 4896 rorpah
1268 4815 1304 4910 ad
1320 4825 1478 4898 peitatem
1494 4817 1753 4900 ratcomprehessas,

299 4968 306 4978 κ
