3994 5348
673 113 684 140 6

235 221 308 316 ²9⁶

186 319 275 378 herm
286 331 326 388 72.
340 315 384 386 ff.'
394 311 425 371 dr
442 313 560 372 solertior.
578 313 597 368 l.
617 313 698 370 semri
712 331 786 370 mora
803 309 847 370 26.
857 311 896 387 ff
912 315 994 372 solato

189 393 311 446 matrim.
329 387 348 442 Ι.
359 385 477 456 iiladtp.
488 381 538 456 ffi
546 381 578 438 dt
586 387 664 454 ptris.
683 383 717 446 U
726 383 852 441 commod.
868 387 909 440 rei
919 384 993 443 renti.

798 184 803 194 ’
837 221 908 286 m.
932 213 1038 287 nris.
1065 219 1125 286 sa.
1144 217 1170 284 r.

1021 325 1168 386 quatuorve
1182 311 1287 372 dicrum
1304 302 1419 369 necdum
1435 304 1553 368 deterius
1569 319 1630 382 esre.
1649 297 1772 374 Denique
1789 315 1835 366 ete

1023 392 1087 458 mm,
1113 387 1137 440 si
1154 382 1265 440 colonus
1283 381 1397 440 fundum
1416 382 1445 436 in
1463 377 1676 450 quinquennium
1693 377 1834 434 condure-

187 459 269 519 Adde
286 457 312 514 d.
331 458 373 512 tit.
394 454 426 512 de
471 459 518 512 rt'c.
536 452 568 515 Θ
585 454 717 510 commodo
733 457 772 512 eei
788 454 864 512 vend
883 475 957 514 rum.
969 470 994 512 a.
1024 457 1071 524 rit,
1088 473 1137 515 nec
1155 453 1260 512 locator
1277 455 1304 510 ei
1322 467 1399 508 ussum
1417 459 1541 521 prestet,
1557 445 1621 516 quia
1638 459 1704 502 tunc
1722 444 1765 502 lese
1782 463 1834 501 co-

188 533 278 600 Atque
295 525 359 584 hinc
367 529 387 598 ,'
394 531 416 582 si
454 527 492 582 ies
508 536 595 584 certus
611 521 771 598 obligationi
787 531 822 582 eit
839 529 995 597 appositus,

1025 524 1088 582 lono
1104 529 1209 594 copiam
1228 518 1292 578 fecit
1308 523 1403 580 statim
1420 521 1505 576 torius
1522 513 1702 588 quinquennii
1721 515 1837 571 nomine

188 617 250 658 cum
266 599 379 656 diversis
394 601 423 652 in
440 594 507 650 locis
523 592 632 652 debitor
648 597 677 653 bt
694 596 810 653 creditor
827 597 994 654 domicilium
1024 597 1120 665 agendi
1138 596 1172 654 ad
1191 594 1219 650 id
1236 593 1308 660 quod
1328 593 1461 659 interest,
1478 586 1549 655 quod
1567 583 1621 641 stui
1640 601 1697 640 non
1715 583 1838 655 licuerit,

190 667 334 736 soverent,
362 669 390 724 bt
408 665 521 722 creditos
540 681 596 719 non
615 667 719 723 venerit
738 667 771 726 ad
791 665 879 722 locum
898 667 996 735 illum,
1025 664 1090 722 hinc
1106 683 1156 724 nec
1173 662 1377 732 locatorpottea
1395 655 1563 726 liberabitur,
1579 654 1630 710 etsi
1647 669 1724 710 anno
1739 673 1857 722 secun-0

191 739 241 797 ubi
256 739 300 796 die
315 731 419 804 saeuo
436 732 538 790 solutio
556 729 679 806 iacienda
696 748 765 806 erat,
782 753 874 792 vetum
892 737 998 806 quidem

1025 735 1061 794 do
1078 751 1109 791 ac
1126 727 1295 806 sequentibus
1314 729 1419 789 fruendi
1437 728 1596 799 patientiam
1612 723 1711 780 colono
1727 738 1840 794 presta-

191 822 243 877 est,
262 813 346 877 ipsam
362 805 414 862 diei
431 801 601 862 existentiam
620 805 801 873 interpellasse
810 822 858 874 pro
866 807 999 864 creditore
1027 823 1056 864 re
1074 819 1181 874 paratus
1198 805 1233 862 sit
1242 823 1254 870 ‚-
1279 801 1398 869 eoquod
1416 815 1476 857 seta
1502 807 1543 854 est
1561 799 1690 863 patientia
1708 791 1829 868 frmndi,

189 879 338 936 secundum
355 886 419 930 ante
435 869 528 940 dium
545 872 589 928 sed
607 877 635 932 dr
654 892 761 946 verum,
780 893 824 944 per
841 877 1000 935 creditorem
1018 889 1083 944 ‘qua
1099 869 1209 932 offertur
1224 889 1257 930 eo
1274 886 1404 940 tempore,
1421 884 1475 938 quo
1492 863 1546 924 frui
1562 861 1685 933 colonus,
1703 864 1765 921 aliis
1782 863 1841 936 jem

158 979 178 1000 .-
193 947 230 1006 ad
248 946 338 1004 locum
355 943 482 1000 solutioni
500 941 663 1002 destinatum
686 943 759 1003 haud
777 947 930 1004 venientem
946 960 999 1007 ete·
1028 944 1105 1002 rebus
1121 940 1260 1002 condublis
1279 939 1369 998 forsan
1389 937 1429 994 ill'
1450 949 1527 1007 atus,
1545 951 1603 1000 uon
1621 947 1719 1005 potest,
1736 935 1755 990 l.
1767 939 1790 992 ss'
1810 939 1842 993 in

192 1023 267 1088 risse,
283 1034 337 1084 quo
352 1014 442 1068 minus
458 1028 506 1068 sua
521 1010 567 1067 die
584 1011 682 1071 solutio
700 1013 767 1084 liat5
783 1017 1000 1084 cuiconsequens

192 1101 232 1146 est
269 1097 297 1142 ut
315 1084 431 1154 priorem
446 1079 576 1138 debitoris
592 1100 712 1156 mam,
738 1101 771 1140 ert
789 1085 1001 1154 interpellatione

193 1127 421 1224 steintunam,
448 1167 494 1220 per
511 1145 687 1218 posterioreni
703 1155 847 1214 creditoris
874 1173 929 1212 non
956 1173 1001 1212 ve-

127 1290 136 1298 ,
194 1225 297 1286 nibntis
314 1239 418 1282 mosam
435 1221 616 1282 existimemus
633 1235 774 1296 purgatam
789 1243 853 1283 esse.
872 1223 1001 1298 Myrsin-

194 1314 275 1424 ἕως
292 1310 357 1352 cent.
368 1287 409 1419 5.5
414 1288 493 1348 obser.
503 1287 546 1362 95.
565 1305 637 1352 nam.
649 1289 675 1350 5.
693 1291 830 1354 Castalius
846 1293 888 1350 ad
901 1301 920 1350 i.
928 1307 954 1366 9.
966 1291 1004 1364 ff.

213 1380 263 1422 lt.
280 1385 354 1421 ntem.
377 1379 386 1419 l
410 1403 417 1416 .
891 1405 896 1415 .

230 1431 278 1493 51.
296 1430 458 1492 Notandum
477 1445 584 1502 tamen,
610 1450 666 1490 oon
684 1438 762 1491 mont
787 1434 817 1491 in
843 1453 906 1493 casu
923 1451 1003 1493 moro

105 1519 107 1526 ’
197 1503 341 1580 purganda
358 1501 497 1559 licentiam
513 1505 643 1560 muratori
659 1500 790 1560 tributam
811 1523 884 1563 esse:
901 1523 965 1562 nam
980 1507 1003 1561 si

118 1622 120 1630 ,
197 1581 318 1646 protinus
329 1589 428 1630 aurosa
446 1575 584 1632 commissa
602 1589 672 1628 nova
690 1572 811 1641 quedam
823 1575 858 1644 ei,
874 1579 1003 1633 cuinmra

197 1644 283 1714 iacta,
300 1657 364 1700 nata
384 1639 465 1720 fuerit
482 1641 626 1714 obligatio,
640 1645 794 1714 purgationi
807 1643 878 1701 locus
890 1640 1004 1714 nonest,

197 1733 260 1774 cum
277 1717 380 1771 nemini
455 1713 537 1770 murel
554 1711 693 1785 quesitum
709 1719 767 1770 sine
783 1729 831 1770 suo
853 1712 928 1772 facto
944 1717 1003 1773 adi-

1030 1016 1081 1087 iegt
1095 1013 1141 1086 ai
1160 1005 1187 1090 §.
1206 1013 1309 1070 colonus
1326 1008 1352 1080 6.
1371 1004 1404 1078 ff.
1425 1009 1503 1064 ocati.

1262 1139 1543 1211 ul‘ttJLUu
1578 1141 1615 1205 11.

1174 1275 1198 1306 ‘⁶
1254 1289 1300 1350 De
1320 1283 1453 1370 Neutico
1474 1283 1624 1346 Foenose.

1309 1425 1563 1479 SUMNARM.

1053 1527 1075 1567 r.
1094 1505 1177 1581 Ociti
1189 1506 1226 1562 sis
1243 1509 1383 1564 nataticum
1394 1503 1501 1578 fotor,
1517 1499 1585 1576 petiti
1596 1502 1675 1575 quasi
1692 1503 1843 1571 nauticam,

1102 1577 1136 1640 (ς
1153 1577 1185 1632 dc
1200 1575 1307 1646 periculi
1323 1579 1403 1646 presio
1421 1573 1462 1629 ad
1476 1573 1493 1630 Ι.
1503 1570 1529 1630 5.
1549 1570 1615 1630 sih.
1628 1588 1650 1630 t.

1048 1667 1074 1711 2.
1093 1647 1185 1721 Irsqtto
1202 1645 1600 1702 consistassrtbstatstionasttici
1610 1636 1742 1716 fencris?
1758 1657 1847 1712 quart·

1072 1709 1077 1720 ’
1102 1717 1134 1776 dc
1151 1731 1242 1786 cesset,
1258 1714 1293 1777 Θ
1310 1715 1428 1789 oulpgores
1447 1731 1557 1771 ransom
1566 1732 1652 1771 estare
1668 1707 1837 1774 debeantur?

198 1785 326 1842 nendum
344 1789 387 1840 sit.
435 1798 469 1837 ua
487 1783 612 1850 ratione,
631 1785 698 1840 sicut
725 1801 766 1839 res
787 1783 913 1856 sublege
931 1802 1004 1841 com·
1050 1786 1076 1846 t.
1094 1785 1213 1845 Moribus
1229 1785 1336 1854 periculi
1351 1788 1467 1854 presiate
1484 1786 1514 1839 irs
1530 1787 1648 1839 maresia
1665 1785 1843 1838 assecuratio-

202 1857 327 1912 missoria
344 1849 429 1908 fuerit
447 1852 557 1909 vendita
575 1870 606 1907 ac
624 1851 735 1921 tradita,
754 1853 828 1924 isque
845 1854 917 1912 ultra
933 1855 1006 1912 diem

201 1922 365 1996 prefinitum
390 1920 552 1979 solutionem
568 1919 706 1978 distulerit
724 1964 734 1993 ,
760 1936 851 1988 postea
868 1923 1006 1983 offerendo

199 1991 270 2051 nihil
287 1995 354 2063 agit,
373 2009 422 2048 stes
440 1987 545 2049 ausmre
563 1990 698 2050 venditori
716 1997 801 2061 potuit
818 2007 895 2053 emta
913 1996 951 2052 rei
961 2011 1006 2064 pes

199 2065 339 2122 actionem
365 2063 394 2118 in
413 2075 470 2117 rem
497 2060 539 2117 vel
566 2065 594 2116 in
613 2075 752 2128 personam
781 2065 937 2122 revocanda
965 2060 1006 2119 sa-

198 2134 338 2202 cultatem,
353 2150 385 2188 ex
404 2135 491 2199 primo
508 2147 586 2186 mose
603 2141 741 2188 momento
757 2137 904 2207 quesitam,
921 2133 938 2190 i.
949 2150 1006 2190 sea-

194 2205 309 2276 jsiiisiae
325 2195 368 2256 23.
388 2203 416 2257 its
426 2197 482 2270 fisse
523 2242 530 2255 .
549 2196 670 2278 deoblig.
689 2199 725 2262 (5
741 2205 796 2260 aii.
815 2203 893 2264 Adde
910 2207 951 2260 tit.
976 2203 1007 2258 de

200 2276 251 2348 lege
268 2273 458 2329 commissario.
549 2271 577 2328 dt
594 2285 700 2326 moram
717 2277 746 2329 in
764 2273 893 2332 soluendo
901 2289 1005 2330 canone

197 2345 367 2398 commissam
383 2341 489 2410 purgari
507 2357 563 2396 non
574 2345 689 2410 potuisse
706 2343 741 2400 ael
758 2344 915 2400 evitandam
932 2359 1007 2400 com·

197 2417 411 2480 missipoenam,
437 2409 568 2468 traditum
585 2413 613 2464 in
631 2413 674 2466 tit.
694 2414 718 2466 ti
736 2431 796 2486 ager
813 2414 932 2488 veliigol.
953 2433 1007 2466 esss-

140 2487 144 2502 ¹
196 2481 268 2554 phys.
277 2495 410 2550 pennum.
422 2473 465 2536 36.
483 2477 572 2536 Simili
590 2479 686 2550 modo,
704 2485 801 2550 siquis
827 2501 855 2541 se
871 2493 947 2540 certo
964 2482 1007 2539 die

199 2555 326 2611 daturum
344 2545 509 2604 sablurumve
526 2548 590 2618 quid
609 2553 781 2620 promiserit,
798 2555 827 2610 br
845 2557 869 2610 si
887 2569 942 2609 non
960 2552 1007 2609 de·

198 2623 270 2682 derit
289 2617 331 2676 vel
350 2614 462 2688 lecerit,
489 2635 517 2674 se
533 2633 615 2686 poenae
641 2625 750 2676 nomine
772 2637 873 2680 restam
891 2621 1012 2691 pecunie,

199 2687 546 2817 quantitatemsuluturum,
563 2689 655 2747 deince
702 2705 793 2748 autem
811 2699 839 2750 in
857 2693 948 2751 dando
965 2691 1008 2751 vel

214 2759 327 2818 arundo
344 2773 446 2814 moram
467 2754 570 2824 iecerit,
587 2757 710 2816 sicilico
727 2761 761 2818 ad
779 2779 882 2830 ponam
899 2767 1008 2831 incipiet

198 2830 334 2902 obligatus
350 2845 414 2897 esse,
432 2839 463 2884 ut
481 2843 529 2883 nec
546 2826 683 2885 offerendo
701 2834 868 2898 postmodum
886 2851 942 2902 que
959 2835 1008 2890 da·

197 2921 228 2958 re
246 2900 289 2958 vel
307 2895 394 2956 facere
410 2901 578 2968 pmmiserat,
598 2899 688 2954 invito
703 2900 835 2958 creditore
850 2903 961 2961 eandem
978 2921 1007 2958 e-

199 2978 285 3028 vitare
295 2970 388 3038 possit,
405 2968 451 3024 sed
468 2967 576 3024 demum
585 2975 607 3023 si
617 2981 710 3034 sponte
726 2971 884 3030 creditorex
895 2974 922 3024 vi
941 2989 1006 3040 pse-

198 3035 382 3098 cedentisobli
402 3035 501 3091 ationis
513 3037 764 3104 principalisoblata
781 3045 901 3112 recipiat,
921 3045 937 3097 l.
949 3042 1007 3096 Cr!-

200 3129 245 3165 ιω
264 3105 308 3166 23,
324 3109 358 3178 ff.
387 3126 401 3161 o
418 3107 522 3172 receptir
539 3109 584 3176 qui
602 3103 693 3182 arbitr.
705 3125 809 3174 recepte.
821 3113 837 3167 l.
848 3113 899 3168 Tra
909 3111 1008 3168 ‘tiit'tt'ae

199 3175 250 3262 35.Ι
261 3176 297 3246 ff.
307 3175 340 3231 dr
348 3173 421 3250 oblig.
432 3173 466 3236 (¹5
484 3177 536 3233 att.
547 3193 604 3261 arg.
615 3178 632 3232 l.
644 3177 777 3264 stipatore?
794 3183 848 3236 isso
866 3177 890 3234 5ἱ
903 3220 909 3234 .
920 3173 945 3252 §.
965 3183 1007 3266 as-

198 3242 495 3390 aelstani.
506 3241 922 3388 a‘erit‘tltttmttt
934 3249 1007 3376 :lt

198 3389 243 3459 iil,
255 3385 293 3459 ff.
305 3385 337 3440 de
355 3405 427 3443 cera.
438 3383 540 3460 obligat.
553 3384 612 3444 Noc
630 3384 721 3444 obstat
740 3385 810 3447 hisce
827 3390 844 3444 Ι.
864 3387 898 3452 (5
915 3393 938 3446 sr'
954 3405 1008 3460 port

199 3479 252 3520 seer
268 3459 294 3514 8.
305 3455 343 3526 ff.
355 3459 383 3520 ti
391 3461 456 3526 qai..
466 3457 694 3542 sortiaminjtsd.
704 3461 760 3514 sits.
770 3457 919 3531 castnfctt.
931 3463 1007 3530 quip-

198 3549 232 3600 pe
249 3525 324 3596 cetius
340 3527 503 3586 solutionem
519 3527 628 3600 dedinin
647 3529 689 3583 sis.
707 3529 732 3581 ti
748 3531 806 3600 qttt's
824 3547 894 3586 caat.
906 3534 934 3587 t'rt
948 3529 1006 3598 istd.

198 3599 256 3664 &a
266 3618 291 3656 o.
302 3595 328 3666 d·
347 3595 384 3656 Et
402 3599 524 3668 quamvis
540 3595 666 3664 Cupacius
681 3597 875 3656 eamsibiante
893 3601 1007 3670 placuis-

198 3691 238 3743 se,
255 3684 284 3725 at
302 3684 357 3726 non
375 3666 491 3734 amplius
518 3657 621 3734 placefe
637 3670 781 3738 scripserit,
798 3668 838 3723 ati
852 3669 877 3724 a.
889 3671 905 3726 l.
916 3668 959 3739 bd.
975 3667 1010 3740 ffi

202 3741 234 3800 de
254 3736 387 3799 verb.sbl'
402 3737 565 3794 ‚terendum
584 3751 693 3805 tamen,
711 3755 745 3792 ne
762 3751 821 3795 eam
839 3740 1008 3808 reprobando

197 3813 360 3871 deteriorem
376 3759 606 3875 dilamamplexus
621 3808 666 3861 sit.
684 3804 765 3878 Quod
782 3810 855 3864 enim
873 3813 913 3866 ait
933 3811 961 3866 in
980 3811 1006 3866 d.

197 3883 217 3942 l.
226 3878 252 3937 8.
271 3877 375 3937 nullam
394 3893 473 3946 poents
483 3881 615 3943 promisse
625 3881 792 3934 mentionem
807 3897 872 3950 esse,
889 3881 1008 3950 adeoque

199 3963 308 4008 tantum
325 3947 359 4006 ad
378 3950 404 4005 id
422 3945 493 4020 quod
503 3949 613 4003 interest
623 3943 742 4006 adiutem
760 3947 799 4007 ibi
808 3965 886 4022 agere
904 3957 1007 4019 potuis·

197 4018 413 4094 sepsobundium
431 4033 487 4073 nott
506 4031 555 4086 est,
573 4021 676 4072 namsi
696 4015 770 4074 nulla
789 4018 818 4073 in
836 4035 899 4076 casu
916 4020 943 4076 d.
954 4023 972 4078 l.
982 4019 1006 4078 8.

105 4115 111 4122 ·
195 4104 276 4161 poena
293 4085 386 4146 fuisset
395 4091 525 4158 apposita,
543 4086 854 4166 reusuuilajndiguisset
872 4094 1007 4162 exceptio·

194 4181 231 4222 ne
249 4159 373 4216 adversus
390 4155 524 4226 adiutem,
550 4157 597 4214 sed
615 4159 673 4227 ipso
690 4171 745 4226 pure
770 4159 836 4215 satis
852 4158 1009 4235 abundeque

197 4245 274 4289 tutus
291 4227 385 4286 fuisset
423 4229 452 4284 in
471 4239 603 4300 quantum
620 4223 724 4297 odiosi,
742 4229 820 4300 cajet
832 4230 883 4302 jar
902 4253 932 4289 ee
951 4253 1006 4288 mo-

196 4323 229 4360 ra
256 4297 370 4360 deterius
403 4299 493 4356 aava
512 4315 563 4353 nort
580 4299 799 4378 teatlaecundum
827 4300 909 4358 verba
926 4303 1007 4361 iuris-

196 4369 323 4442 consulti,
341 4389 375 4427 ne
392 4383 495 4426 nummo
512 4366 621 4436 quidem
637 4383 693 4436 tute
710 4371 797 4435 potuit
813 4365 885 4428 auro
902 4389 1007 4440 compe·

197 4459 254 4500 tere
270 4442 305 4498 ad
323 4441 468 4506 interemti,
481 4449 546 4494 ‘cum
565 4455 619 4494 non
638 4442 786 4510 interesset,
803 4458 818 4494 a
852 4481 858 4496 .
877 4439 896 4497 Ι.
907 4442 931 4495 tt‘
949 4458 1006 4511 pro-

196 4527 346 4570 curatorem
363 4508 391 4566 8.·
425 4507 567 4564 mandati·
583 4505 693 4565 aiiioss.
698 4507 734 4580 ff
746 4527 812 4565 mars
849 4512 881 4566 tr'.
900 4509 938 4569 Ut
947 4529 1007 4582 pro·

196 4583 261 4641 inde
279 4581 309 4634 in
327 4579 384 4634 at.
412 4579 893 4652 .praempponcturpoene'promissio,
911 4581 1007 4638 adver-

195 4671 239 4717 sus
254 4666 335 4722 quam
362 4667 426 4707 vero
443 4650 627 4718 commissam,
655 4665 687 4704 ac
704 4649 738 4706 de
755 4655 843 4720 rigose
854 4703 857 4710 ,
870 4645 935 4718 iuris
954 4647 1007 4718 iam

195 4721 324 4792 debitam,
340 4725 523 4786 exceptionem
533 4732 629 4787 pretor
645 4737 679 4776 ex
697 4717 761 4777 beni
781 4721 865 4778 nitme
884 4721 1006 4794 indulsit,

196 4793 244 4850 ubi
262 4785 416 4862 apparebat,
432 4787 575 4858 iusmbiori
592 4807 625 4848 ex
643 4795 745 4850 morai
768 4807 783 4848 a
800 4791 1006 4852 medicantum

1103 1859 1146 1914 stis
1164 1857 1284 1931 legitimis
1303 1858 1394 1913 asoet'r
1409 1871 1460 1910 nors
1477 1871 1517 1910 ess
1534 1853 1720 1920 cooriiatttm,
1738 1868 1785 1905 net
1802 1850 1847 1906 tri-

1104 1929 1140 1984 lrt
1150 1924 1220 1998 finer
1237 1924 1325 2036 {aben
1356 1922 1405 1984 Ubi
1423 1927 1541 1980 tarteria
1558 1923 1766 1982 numerationis
1782 1933 1844 1974 sra-

1104 1999 1180 2056 tiata
1199 1999 1248 2053 tit.

1051 2067 1077 2138 d.
1096 2069 1126 2124 Sr'
1144 2062 1361 2124 metaum'dtttte
1380 2083 1409 2118 ers
1443 2065 1506 2120 ieter
1523 2062 1568 2122 oei
1576 2061 1687 2119 domino
1703 2063 1781 2120 navit
1798 2056 1849 2136 stab

1101 2141 1203 2209 pignere
1220 2137 1315 2204 eserie,
1333 2151 1368 2203 op
1445 2139 1569 2205 emcrye,
1586 2137 1671 2189 esiam
1689 2148 1768 2200 capro
1785 2147 1848 2184 cert-

1103 2207 1214 2264 sesimes
1231 2225 1327 2262 usuros
1342 2207 1441 2274 petisti
1459 2205 1527 2260 iicet.
1546 2203 1576 2258 Si
1593 2205 1672 2258 rtaot's
1688 2215 1789 2272 pereas,
1808 2217 1849 2252 ast

1105 2281 1134 2333 irs
1150 2277 1333 2331 instrumentis
1350 2272 1384 2336 Θ
1401 2273 1506 2343 reliquit
1524 2273 1637 2330 salvatis
1655 2273 1719 2327 solis
1737 2269 1849 2327 creditor

1104 2343 1214 2416 aliquod
1221 2344 1272 2416 jtts
1291 2340 1409 2400 babeas?
1422 2341 1504 2468 fuid
1511 2342 1605 2414 jarit,
1632 2345 1657 2397 si
1672 2345 1751 2398 navis
1767 2342 1863 2410 capa,

1107 2431 1194 2472 naute
1207 2416 1309 2484 perierit
1319 2409 1421 2479 autpob
1431 2429 1504 2468 stata
1522 2416 1566 2481 st't,
1583 2427 1633 2466 cett
1649 2414 1760 2482 perierit,
1778 2410 1847 2467 dure

1105 2499 1193 2542 nauta
1209 2485 1264 2540 alio
1281 2485 1408 2555 navigas,
1426 2503 1506 2553 qnam
1523 2501 1572 2554 qrto
1589 2483 1638 2538 iser
1655 2479 1691 2536 ab
1701 2482 1783 2538 ‘initio
1799 2481 1848 2537 de-

1106 2556 1237 2610 stina'tscrn
1254 2549 1338 2610 eras?
1660 2573 1666 2584 =
1747 2575 1753 2584 ·

1053 2625 1080 2683 5.
1097 2625 1226 2694 Laertem,
1243 2621 1313 2694 qaod
1326 2642 1357 2678 ta
1370 2625 1515 2690 peterreatis
1540 2618 1640 2678 cambii
1655 2619 1739 2674 licerit
1754 2635 1849 2689 prove·

1106 2697 1164 2765 nis,
1181 2713 1326 2752 rsreeeetsm
1343 2693 1391 2750 otri
1404 2695 1492 2748 aeirem
1515 2689 1589 2746 modo
1606 2687 1766 2746 terrestrum
1794 2709 1848 2747 nors

1106 2782 1152 2822 ets.
1170 2763 1269 2837 Qualis
1286 2712 1435 2820 contratiae
1453 2759 1595 2817 intercedat
1622 2762 1649 2815 in
1668 2757 1769 2816 earnbii
1785 2760 1849 2816 lite-

1066 2877 1071 2894 ,
1106 2839 1142 2892 ris
1159 2827 1343 2902 expedientis?
1361 2835 1428 2888 inter
1445 2851 1505 2936 petor
1523 2829 1687 2902 obligationes
1705 2831 1827 2885 crt'artsttr
1836 2871 1847 2902 ,

1105 2904 1139 2968 Θ
1156 2923 1211 2976 qua
1228 2895 1371 2960 ailianae?
1389 2901 1473 2958 Nola
1488 2901 1630 2970 perliceret
1647 2895 1745 2953 catnbt'i
1761 2919 1848 2953 nova-

1106 2977 1141 3032 tio
1154 2973 1197 3046 fit.
1217 2975 1247 3029 Si
1263 2976 1321 3044 qttis
1337 2968 1369 3025 ob
1386 2991 1436 3027 non
1446 2972 1544 3027 solutas
1561 2967 1769 3027 scabritiem
1788 2989 1848 3042 ege-

1105 3048 1141 3100 tis
1159 3057 1250 3100 centro
1268 3045 1415 3111 scriptorem
1433 3043 1592 3109 literarum,
1609 3037 1643 3100 Θ
1660 3057 1710 3094 nors
1727 3035 1847 3096 obtineat

1105 3113 1136 3170 ob
1154 3117 1270 3183 inopiam
1287 3112 1354 3181 tjtss,
1372 3110 1456 3167 eodm
1471 3125 1551 3182 potest
1568 3109 1610 3165 ad
1623 3121 1813 3176 acceptanterrs.

1055 3181 1081 3242 6.
1098 3181 1202 3256 Qaibttt
1219 3179 1378 3251 modisfieri
1393 3185 1481 3252 possis,
1499 3181 1619 3238 atlisera
1635 3177 1734 3234 cambii
1751 3177 1848 3249 effodite

1106 3249 1242 3310 careant?
1259 3255 1303 3309 cui
1319 3252 1410 3307 solutio
1427 3267 1470 3321 per
1487 3249 1587 3306 cambii
1613 3250 1707 3306 literar
1725 3247 1847 3308 mondo-

1105 3341 1160 3393 strr,
1176 3343 1221 3378 eas
1241 3321 1284 3380 vel
1299 3337 1430 3390 acceptare
1451 3322 1493 3378 orl
1507 3321 1618 3396 rejicere
1635 3334 1725 3390 potest,
1741 3321 1796 3375 rsisi
1812 3315 1848 3374 ab

1107 3398 1224 3450 institere
1241 3389 1281 3445 od
1292 3407 1498 3462 praeponentem,
1515 3409 1591 3461 quern
1609 3388 1720 3462 obligare
1736 3393 1846 3456 peieret,

1106 3462 1210 3520 direiia
1227 3465 1289 3518 sisse.
1307 3463 1355 3517 An
1373 3463 1516 3530 acceptatio
1529 3459 1677 3530 fieripostr's
1696 3457 1743 3515 sui
1759 3456 1847 3514 concii·

1105 3527 1200 3589 tiont?
1217 3533 1265 3588 Ass
1281 3549 1320 3602 eo,
1338 3536 1382 3588 etti
1397 3547 1441 3600 ptr
1458 3531 1549 3586 literar
1567 3533 1661 3600 ¹toirttr'c
1680 3527 1848 3602 maneatur,

1106 3622 1153 3658 tat
1171 3617 1306 3670 acceptare
1316 3617 1462 3670 recusante,
1479 3602 1572 3656 tertiat
1582 3618 1629 3655 ras
1639 3615 1775 3668 acceptare
1788 3615 1849 3668 pot-

1109 3676 1145 3727 sis
1162 3671 1287 3750 amenti
1300 3687 1355 3741 port
1369 3665 1606 3740 protestationem?
1625 3667 1664 3738 Ic,
1683 3673 1728 3740 qai
1745 3685 1791 3722 eat
1801 3665 1851 3741 -os-

1090 3738 1167 3816 sm>
1186 3745 1210 3797 si
1226 3761 1277 3797 nors
1295 3755 1468 3812 acceptentur,
1485 3744 1558 3796 intra
1576 3737 1697 3796 tridatem
1711 3741 1853 3807 prossnori

1106 3809 1188 3882 debet,
1206 3830 1362 3884 nortgectsst
1371 3827 1462 3866 coreas
1471 3827 1561 3864 eontra
1568 3807 1734 3865 residentem.
1754 3811 1852 3881 Quan-

1088 3947 1090 3950 .
1111 3881 1143 3938 tio
1157 3901 1213 3938 nors
1230 3892 1331 3951 nectat,
1349 3880 1640 3955 negleiiamttttinsea
1657 3877 1778 3948 sridttrtrss
1794 3894 1853 3946 pro-

1105 3950 1297 4013 metationem?¹

1053 4035 1079 4092 7.
1097 4021 1137 4092 Si,
1154 4020 1196 4075 ar
1215 4019 1357 4076 literarum
1376 4017 1477 4075 cambii
1494 4021 1623 4092 mnirnte,
1641 4033 1781 4089 acceptant
1797 4039 1850 4074 note

1077 4111 1082 4122 ·
1107 4090 1201 4161 soloas,
1218 4093 1291 4147 intra
1307 4107 1438 4160 quantum
1448 4105 1501 4143 tens
1532 4093 1568 4146 rs'r
1582 4093 1699 4159 spatium
1716 4107 1780 4147 tanc
1793 4104 1823 4157 pe
1838 4119 1852 4130 -

1107 4155 1347 4232 sessott'ofarisnda
1365 4159 1420 4217 tis?
1437 4160 1485 4215 An
1534 4157 1637 4230 qnando
1654 4161 1736 4218 litera
1753 4157 1853 4219 cambii

1106 4251 1167 4288 cans
1181 4230 1364 4299 protestatione
1381 4233 1511 4286 arrersart'
1525 4224 1650 4300 possint?

1054 4297 1079 4358 8.
1098 4300 1194 4359 Lam
1210 4300 1311 4356 cambii
1326 4315 1390 4355 atsto
1402 4300 1436 4362 Gt
1450 4315 1506 4370 port
1522 4301 1738 4374 acceptationem,
1756 4322 1783 4356 re
1800 4301 1853 4356 ati-

1109 4369 1160 4429 dttc
1177 4373 1297 4446 integra,
1316 4373 1433 4426 erooeort'
1450 4383 1575 4440 possunt,⁸
1593 4373 1645 4426 nisi
1662 4375 1721 4439 qttit
1738 4387 1782 4439 per
1805 4391 1855 4426 cas

1106 4445 1292 4511 procuratorio
1310 4461 1364 4498 rem
1374 4443 1616 4497 suamcanrtitetttts
1626 4443 1669 4498 sit.
1688 4443 1761 4498 Arest
1778 4443 1855 4500 dicen

1106 4513 1190 4568 listris
1208 4509 1307 4568 cambii
1323 4527 1468 4578 repetissem
1487 4509 1578 4568 solttst'o
1595 4531 1647 4567 nort
1664 4509 1799 4586 reiie'fit:
1816 4511 1853 4574 b·

1109 4578 1182 4638 cur?
1197 4583 1304 4639 interires
1323 4580 1358 4636 ab
1374 4579 1438 4650 iilis,
1455 4581 1501 4653 qni
1516 4582 1655 4638 excambii
1673 4580 1758 4640 literis
1775 4581 1853 4640 deii-
1893 4577 1899 4589 ¹

1104 4669 1171 4708 soret
1189 4667 1259 4721 sarrs,
1278 4653 1367 4708 eotttio
1383 4653 1450 4722 exigi
1466 4665 1562 4718 potest.

1052 4733 1079 4793 9.
1098 4723 1128 4780 Si
1144 4720 1271 4780 secundat
1287 4726 1370 4792 primo
1387 4724 1515 4790 scripserit
1533 4723 1623 4778 literas
1649 4721 1768 4790 cambii,
1786 4729 1850 4794 ite,

1105 4807 1135 4866 stt
1147 4789 1281 4870 fateatur,
1298 4791 1477 4864 sibiapet'rne,
1495 4797 1582 4866 terrm,
1600 4789 1635 4856 Θ
1650 4809 1744 4864 quarto
1760 4814 1850 4864 qaan-
