4026 5360
1829 37 1836 72 i

131 191 135 199 '
202 257 213 278 ,,
285 197 329 275 ι6
905 183 1002 260 ιιι.
1027 198 1065 272 r,
1091 195 1154 262 rte.
1178 193 1205 257 ι.

235 289 456 354 condemnandus
473 301 515 354 est
531 290 567 350 a'd
584 292 612 350 id
626 277 662 348 ¹nt
679 285 814 349 atilionem
831 285 968 359 instituat,
985 305 1042 346 non
1069 292 1188 358 ceperint
1207 282 1264 343 litis
1279 284 1387 360 prioris,
1395 299 1564 362 prensamre,
1581 289 1702 361 adeoque
1711 300 1811 352 tenere
1827 307 1887 352 nso·

234 369 330 426 eodem
347 373 376 424 in
394 363 502 438 iudicio,
514 365 560 424 sed
577 333 628 420 taii
647 368 675 420 in
693 361 753 417 loco
778 363 807 416 in
821 377 875 429 quo
888 355 1043 444 'diffarmtor
1070 373 1123 432 te,
1141 363 1290 430 impensas,
1317 357 1344 414 d.
1363 358 1391 444 9
1413 377 1453 418 ιο
1472 359 1541 420 [nst.
1558 359 1594 417 do·
1608 377 1691 434 excep.
1727 403 1734 420 .
1752 365 1825 434 tripli
1841 363 1886 433 ai.

235 439 325 508 princi
360 434 418 494 liin
436 454 516 493 causa
526 433 728 493 conveniendus
747 401 965 503 laressemensi
982 429 1042 512 nul·
1069 424 1138 560 {iti
1154 432 1212 500 quir
1235 447 1322 502 agenr.
1342 426 1388 486 3³.
1407 433 1437 488 in
1452 430 1513 503 fine
1530 432 1600 491 Intt.
1625 430 1658 488 de
1675 454 1694 488 a
1721 437 1775 492 ion.
1805 435 1886 494 Adde

234 509 327 568 laver
364 526 423 567 rum
442 504 572 577 iaiiantia
590 507 789 563 intercessisset.
807 501 854 558 Sic
874 502 920 573 lit,
938 511 968 558 ut
987 520 1041 571 prr·
1100 502 1136 558 D.
1154 501 1198 556 tit.
1217 499 1277 557 cod.
1296 497 1329 556 de
1343 502 1402 572 ptus
1416 501 1601 572 petitionibus.
1619 499 1702 576 Quod
1719 507 1748 564 dr
1766 503 1823 576 jure
1839 523 1885 561 ca·

233 597 281 637 ma
299 585 328 638 in
346 580 394 636 lite
410 577 563 637 diffamatus
575 576 659 635 attor
677 577 717 634 rei
734 572 901 632 aminneis
917 585 1042 642 sequatur
1070 575 1171 630 nonico
1188 570 1328 630 evidenter
1345 578 1525 634 constitutum
1541 581 1571 632 in
1589 573 1642 645 iis,
1661 579 1726 647 qui,
1745 593 1806 636 cunt
1826 593 1883 633 non

233 649 340 723 forent,
358 657 388 708 in
405 649 453 709 lite
470 649 556 706 altera
573 646 717 708 diffamans
733 657 864 731 tanquam
881 642 956 702 aiios
972 643 1043 713 apud
1070 651 1197 700 err'certo
1213 643 1276 714 die,
1293 642 1341 701 sed
1358 642 1409 703 sub
1426 645 1585 704 conditione
1612 647 1758 704 creditores
1784 657 1883 716 essent,

82 775 87 786 ,
233 733 435 792 competentem
452 717 599 794 dilamari,
614 733 744 788 tanquam
763 736 811 787 rer,
829 715 943 785 iudicem
959 731 1042 786 expe-
1070 724 1137 771 ante
1154 714 1319 771 conditionis
1340 725 1470 773 eventum
1487 715 1588 787 judicio
1604 721 1707 784 etperti
1722 729 1804 788 sunt,
1822 731 1882 786 cap.

122 822 126 833 ι
233 797 336 863 riatrrr,
362 791 432 863 quod
449 795 477 850 ἃ
496 788 599 848 fatetur
615 791 777 849 dissentiens
803 785 919 860 Gayllus
936 784 995 843 libr.
1019 805 1041 841 ι.
1071 786 1141 843 unic.
1160 787 1189 840 in
1184 783 1260 912 sm
1276 801 1373 857 extra,
1400 784 1432 842 dc
1449 786 1508 858 plut
1522 789 1639 858 position.
1667 783 1831 858 Quanquam
1848 805 1884 848 ne

232 863 333 921 oberro.
355 878 397 919 ιι.
414 871 487 920 nam.
507 876 533 916 a.
544 858 570 928 d.
589 859 615 918 5.
624 859 652 918 6.
669 861 770 918 diserte
786 869 896 915 cautum
915 852 1041 914 lrrstruii.
1071 855 1120 914 lras
1140 861 1183 926 qui
1204 871 1246 912 em
1273 853 1333 926 plus
1350 858 1490 925 petitionis
1516 873 1607 929 planas
1632 856 1746 926 amplius
1764 865 1793 915 in
1821 856 1883 915 foro

231 931 322 993 Curia
340 929 629 1004 Brabatre'artic.6r9.
643 927 810 1000 provisiones}
820 926 916 984 accord
921 926 1042 1002 tutteb'rn
1071 927 1171 1000 vigere,
1190 931 1279 986 verius
1293 940 1357 1003 ests
1373 927 1439 986 dum
1448 945 1508 986 reus
1525 940 1590 986 ants
1609 939 1713 997 ternpus
1731 941 1883 986 conventus
1921 963 1926 972 ·

134 1010 147 1024 “
231 1003 305 1064 init
320 1023 356 1060 en
382 995 500 1088 delati.
523 1019 563 1060 ιι.
591 999 761 1069 iunii167d.
787 1001 864 1056 artic.
897 999 937 1058 16.
965 996 1041 1058 Neo-
1070 998 1262 1068 simplicitera
1290 997 1381 1066 Judicii
1402 997 1593 1058 observatione
1619 995 1765 1072 liberatur,
1792 998 1884 1058 aiiore

230 1071 333 1133 statius
351 1067 432 1131 Gir-ia
460 1088 528 1143 supe
547 1071 624 1130 decis.
648 1069 686 1129 rii.
714 1089 782 1127 vers.
800 1091 892 1129 oerum
916 1087 1043 1140 sinatur,
1069 1069 1176 1144 quidem
1193 1074 1223 1126 in
1251 1085 1379 1138 expensas
1397 1067 1455 1126 litis
1470 1070 1621 1142 damnato,
1647 1069 1694 1127 sed
1710 1069 1786 1126 salva
1803 1072 1828 1128 ei
1847 1070 1882 1130 ii-

226 1163 259 1204 at
274 1139 353 1206 altilia
376 1161 434 1201 ιοι.
444 1141 588 1203 Mattheus
604 1138 769 1202 denffliiits
784 1138 863 1198 decit.
874 1139 1043 1209 Neroni-aiiii
1070 1142 1161 1197 centia
1193 1142 1220 1200 oi
1237 1142 1336 1198 iterum
1352 1141 1552 1211 conveniendi,
1576 1156 1657 1210 quam
1674 1141 1791 1210 primum
1809 1141 1883 1200 diern

227 1211 369 1291 &egenas
391 1211 424 1270 de
441 1211 602 1286 exceptionib.
627 1229 700 1286 part.
718 1227 744 1268 a.
762 1225 820 1284 cap.
843 1206 884 1269 ιδ.
903 1232 977 1271 num.
1000 1210 1040 1282 td.
1069 1209 1182 1286 obligat'
1264 1209 1493 1270 venisssconstat.
1513 1207 1651 1268 insereris
1668 1209 1727 1278 plus
1742 1212 1882 1280 petitioni-

219 1281 256 1344 ·'e't
274 1287 340 1361 seq'q.
1071 1281 1120 1339 bus
1137 1297 1184 1338 reo
1200 1279 1316 1338 liberum
1323 1293 1372 1338 est
1388 1277 1483 1345 offerre
1498 1280 1557 1354 pius
1573 1287 1676 1351 petenti
1696 1283 1771 1351 quod
1791 1303 1818 1340 se
1834 1283 1882 1340 de·

230 1373 235 1384 ·
265 1361 310 1429 ad.
329 1356 404 1431 Quia
432 1375 497 1420 vero
514 1358 631 1427 primum
649 1351 778 1427 judicium
799 1371 835 1414 ex
853 1355 871 1411 l.
898 1353 1042 1426 diffamari
1070 1352 1132 1410 bere
1149 1365 1258 1418 censets
1275 1369 1330 1422 quo
1348 1367 1406 1410 non
1421 1365 1579 1425 acceptato,
1596 1357 1619 1408 si
1636 1322 1715 1421 iudet
1733 1370 1791 1410 non
1808 1353 1882 1410 ultra

229 1431 266 1487 ad
284 1443 440 1503 perpetuum
450 1429 538 1488 tendit
557 1425 740 1500 silentium&
759 1423 864 1498 iuris,si
881 1428 952 1496 quod
970 1443 1040 1493 que·
1068 1421 1162 1479 oblata
1179 1423 1359 1494 condemnet,
1385 1427 1413 1480 in
1431 1439 1562 1493 expensas
1587 1419 1707 1482 retorem
1725 1435 1756 1480 ut
1781 1437 1883 1484 temere

228 1505 312 1559 situm
330 1514 400 1558 esset
427 1500 618 1570 ademtionem,
632 1514 718 1568 neque
735 1509 878 1555 temereeo
893 1497 1040 1554 devenien·
1068 1494 1222 1566 litigantem
1239 1493 1368 1550 damnare
1385 1492 1671 1566 potest,Christinaus
1688 1493 1740 1551 ool.
1756 1507 1783 1550 a.
1801 1493 1881 1552 decit.

228 1572 296 1628 dum
312 1584 363 1644 est,
383 1541 426 1628 hic
444 1586 529 1629 unum
540 1574 699 1626 citationem
715 1566 891 1627 diffamatoris
909 1585 965 1626 non
983 1562 1039 1622 suf·
1072 1563 1137 1649 157..
1148 1561 1189 1618 ad
1202 1565 1244 1620 tit.
1261 1563 1294 1618 de
1303 1561 1362 1634 plus
1377 1565 1496 1633 peritiora.
1514 1585 1542 1620 n.
1565 1581 1604 1620 ιο.
1615 1563 1825 1644 Groenesregen
1843 1565 1885 1630 ad

228 1639 310 1699 licere
329 1639 411 1714 vulgo
432 1642 572 1698 traditum.
591 1637 667 1696 Duas
694 1639 729 1698 ad
747 1639 890 1697 minimum
906 1637 1039 1696 desiderat
1067 1633 1159 1692 citit.
1176 1634 1206 1690 C.
1224 1631 1256 1689 ds
1270 1633 1329 1702 plur
1344 1637 1461 1704 petition.
1488 1631 1627 1694 Lseuwen
1646 1653 1718 1695 cent,
1735 1636 1794 1707 jot.
1828 1653 1883 1696 art,

227 1711 315 1770 Andr.
344 1711 430 1785 Gayl.
457 1725 602 1782 antequam
618 1729 648 1768 se
673 1725 729 1766 non
746 1712 853 1769 sistenti
879 1708 1038 1780 silentium,
1067 1722 1094 1762 a.
1113 1704 1158 1762 lib.
1173 1718 1259 1774 r.cap.
1278 1702 1358 1762 nnn.
1396 1703 1533 1762 .Vinnius
1550 1706 1579 1764 dr
1596 1722 1694 1774 parens
1712 1724 1785 1774 pm.
1805 1652 1882 1764 iau-

226 1783 301 1840 velut
318 1789 493 1854 contumaci,
510 1793 589 1852 queat
608 1783 732 1852 imponi,
749 1779 776 1836 d.
794 1781 813 1837 l.
835 1798 857 1837 ι.
876 1776 973 1837 niano.
996 1793 1037 1836 ta.
1067 1775 1108 1835 lus
1133 1774 1203 1835 vost
1224 1774 1266 1832 ad
1287 1773 1326 1844 ff.
1344 1771 1361 1833 5
1380 1816 1388 1834 .
1405 1773 1495 1835 Instit.
1512 1775 1545 1831 dr
1569 1777 1669 1832 aetion
1687 1774 1773 1848 ibique
1793 1778 1882 1846 plures

226 1875 302 1910 num.
320 1851 347 1922 4.
365 1871 392 1910 et
410 1874 476 1926 seqq.
497 1867 552 1910 tres
576 1853 709 1921 requirere
725 1852 836 1911 videtur
854 1849 1038 1918 Neontadius,
1066 1847 1183 1924 allegati.

225 1927 253 1984 iit
271 1938 397 1994 quartam
413 1942 446 1982 err
464 1924 616 1982 abundanti
651 1941 707 1980 non
725 1924 761 1981 ad
780 1923 827 1994 id,
844 1933 875 1978 ut
893 1921 929 1979 ad
946 1937 1036 1978 errem·
1100 1921 1143 1977 ati.
1162 1916 1244 1992 Quod
1270 1921 1294 1976 si
1311 1921 1445 1992 pendente
1460 1919 1548 1980 debiti
1574 1919 1732 1980 conditione
1757 1918 1884 1982 debitum

224 1994 299 2062 plirm
316 1992 579 2054 atnrumatitonum
596 1963 672 2051 atior
681 1989 804 2051 libellum
817 1993 959 2062 petitionis
974 2009 1036 2072 pro·
1065 1994 1093 2048 in
1112 1987 1213 2062 judicio
1235 2003 1349 2062 coptum
1367 1993 1408 2050 sit.
1421 2000 1476 2064 peti
1485 2034 1495 2063 ,
1512 2009 1545 2049 ac
1562 1989 1612 2051 lite
1628 1991 1761 2063 pendente
1778 2000 1880 2052 cristae

181 2129 184 2136 ¹
225 2063 384 2123 barionibus
393 2069 530 2124 nutritum
549 2062 631 2134 judici
647 2063 842 2136 exhibeat,sed
860 2075 892 2120 ut
909 2074 1036 2135 quartum
1064 2061 1196 2132 conditio,
1214 2074 1324 2141 netum
1340 2065 1447 2148 quidem
1464 2080 1541 2121 reum
1557 2062 1794 2121 condemnandum
1811 2084 1879 2138 esse,
1933 2121 1935 2126 ,

223 2139 324 2194 citatus
340 2139 457 2206 ercipiat
474 2141 638 2192 sententiam
665 2132 782 2192 'silentii
833 2143 920 2203 rpetui
939 2149 1035 2202 prace-
1065 2132 1110 2190 sed
1127 2136 1241 2208 magisa
1260 2135 1352 2204 tuditis
1361 2133 1553 2192 observatione
1569 2135 1774 2206 dimittendum,
1793 2136 1880 2206 prima

224 2219 304 2277 ptum
321 2210 518 2276 continentem,
537 2207 621 2262 Curia
637 2176 765 2262 brionii.
817 2206 862 2260 ris.
881 2202 926 2273 dd.
945 2201 1035 2274 lmpo-
1063 2200 1155 2261 fronte
1171 2203 1282 2262 suadere
1299 2205 1406 2264 videtur
1425 2200 1489 2275 juris
1506 2203 1598 2277 regula
1634 2205 1781 2264 secundum
1798 2221 1879 2275 quam

221 2280 278 2334 sito
296 2296 342 2346 per
360 2274 475 2347 judicem
493 2273 601 2334 silentio
618 2289 763 2349 perpetuo,
789 2293 826 2332 an
844 2274 971 2334 adversus
987 2275 1035 2331 de·
1063 2291 1120 2332 non
1137 2288 1224 2346 potest
1244 2273 1331 2332 videri
1359 2277 1389 2332 in
1408 2273 1537 2347 iudicium
1563 2245 1710 2334 terimam
1728 2275 1776 2345 id,
1802 2275 1876 2345 quod

218 2359 329 2406 'cretum
345 2347 401 2406 tale
419 2348 556 2404 restitutio
566 2348 595 2401 in
612 2353 747 2420 integrum
763 2361 844 2402 causa
857 2349 966 2416 cognita
983 2350 1033 2400 im·
1061 2345 1170 2402 demum
1187 2357 1248 2417 post
1266 2341 1344 2404 litem
1360 2359 1540 2406 conresmtam
1566 2347 1694 2414 accidi,-
1718 2357 1749 2404 ut
1796 2347 1879 2406 oinrle

222 2423 323 2486 perrari
340 2419 441 2490 possit,
468 2413 612 2476 trailatum
629 2421 671 2475 tit.
698 2436 731 2475 ex
749 2417 818 2491 quil.
845 2435 918 2475 caus.
944 2416 1033 2486 majo·
1061 2415 1117 2472 alia
1134 2413 1353 2488 interpellatione
1378 2435 1444 2488 opus
1461 2419 1515 2488 sit,
1534 2419 1552 2476 i.
1571 2437 1623 2474 non
1636 2431 1720 2487 potest
1738 2364 1833 2488 alinff.
1850 2417 1878 2475 b.

218 2489 293 2562 joret
311 2509 337 2546 tr.
348 2496 382 2563 ’9.
1061 2503 1081 2543 t.
1101 2483 1155 2546 Sed
1172 2487 1341 2546 contrarium
1367 2505 1411 2544 ma
1431 2495 1453 2546 is
1471 2486 1530 2561 jure
1546 2487 1621 2546 civili
1640 2487 1786 2559 probatum
1803 2506 1877 2562 esse,

258 2561 300 2618 25.
321 2559 406 2618 Porro
422 2560 508 2621 ociori
518 2601 528 2636 ,
556 2558 688 2620 inionem
706 2561 736 2617 in
755 2559 885 2632 iudicium
902 2559 1033 2624 deducere
1060 2575 1094 2615 ex
1110 2575 1143 2616 eo
1160 2570 1279 2629 apparet,
1288 2558 1361 2628 quod
1381 2507 1512 2628 Uiirianus
1521 2561 1627 2632 scripsit
1639 2557 1791 2619 debitorem
1809 2577 1877 2616 con·

220 2631 336 2706 volenti,
353 2636 503 2693 cavendum
520 2651 686 2702 summopere
697 2629 749 2688 fuit
765 2623 805 2690 dc'
819 2628 876 2702 jure
896 2627 1031 2703 Romano,
1059 2628 1195 2696 ditionale
1211 2629 1349 2702 pendente
1356 2631 1513 2689 conditione
1530 2641 1700 2690 conventum
1717 2627 1824 2689 aiiione
1840 2647 1876 2688 ex
1942 2655 1943 2660 ¹

220 2723 256 2762 ne
275 2704 333 2774 plus
351 2715 463 2776 peteret,
482 2707 539 2762 sive
567 2709 608 2776 r'c,
622 2707 680 2760 sive
698 2702 768 2774 loco,
784 2704 843 2760 sive
860 2708 1033 2773 causa,tive
1059 2699 1206 2774 stipulatu,
1236 2697 1277 2756 vel
1297 2701 1427 2769 petitione
1456 2700 1622 2776 hereditatis
1650 2711 1780 2774 tanquam
1808 2697 1876 2770 juris

216 2789 345 2846 tempore.
366 2773 476 2835 hienim
494 2778 584 2832 minus
592 2776 702 2848 quidem
719 2774 834 2844 petendo
851 2769 969 2831 rnorem
987 2772 1031 2828 ni·
1060 2789 1234 2840 possessorem
1251 2771 1424 2830 condemnari
1441 2768 1537 2830 debere
1553 2774 1578 2830 si
1595 2773 1677 2830 modo
1693 2772 1741 2858 re'q
1751 2768 1876 2839 iudican-

218 2845 261 2902 hil
280 2844 427 2918 periclitari
444 2844 564 2917 placuit,
591 2846 637 2904 sed
658 2843 794 2916 reliquum
821 2841 864 2902 vel
882 2849 910 2900 in
937 2843 1031 2900 eodem
1058 2841 1099 2899 de
1116 2853 1237 2914 tempore
1254 2841 1375 2900 conditio
1393 2844 1526 2913 extiterit,
1536 2855 1618 2914 atque
1635 2845 1676 2899 ita
1694 2845 1801 2902 venerit
1818 2839 1877 2903 die's
1959 2865 1977 2886 κ

158 2979 160 2986 Ι
219 2913 330 2988 jndicio,
349 2929 454 2974 mutato
471 2914 578 2988 libello,
598 2915 642 2972 vel
660 2918 749 2984 priore
767 2913 847 2973 linito
864 2931 911 2985 per
929 2930 1030 2980 novam
1059 2910 1253 2987 obligationis,
1281 2911 1388 2985 iquod
1402 2915 1427 2969 si
1442 2917 1472 2972 itt
1489 2914 1562 2973 diem
1589 2911 1630 2972 ι6.
1644 2927 1685 2982 pt.
1696 2910 1736 2984 ᾖ
1751 2915 1783 2970 de
1798 2919 1874 2984 petit.

214 2989 305 3059 ditem,
323 2987 443 3060 persequi
461 3005 555 3058 posse,
577 2979 604 3059 β.
623 2987 648 3040 ri
665 2987 754 3042 mitius
772 2981 819 3055 54:
835 2982 904 3041 Inrt.
925 2981 955 3040 de
973 2987 1029 3044 aii.
1059 2980 1174 3039 teredii.
1194 2982 1254 3042 Nec
1266 2983 1390 3042 minush
1411 3001 1444 3041 nc
1453 2983 1598 3044 confirmat
1612 2990 1784 3057 sententiam,
1801 2987 1874 3057 quod

134 3082 150 3102 ··
216 3077 303 3127 neque
328 3061 403 3114 enim
428 3061 531 3126 uspiam
554 3055 711 3128 prohibetur
738 3054 813 3115 atior
836 3053 957 3114 debitran
976 3073 1030 3136 'per
1058 3050 1094 3109 ab
1111 3053 1205 3112 codem
1223 3051 1342 3125 Ulpiano
1359 3055 1492 3114 tradition
1509 3069 1638 3130 est,eum,
1673 3061 1701 3115 ui
1717 3067 1783 3114 ante
1799 3055 1874 3114 solu·-

219 3143 310 3202 psrtes
328 3143 432 3196 petere:
460 3145 513 3198 quo
530 3139 621 3186 tamen
646 3145 707 3190 casu
726 3127 786 3186 r‘eus
804 3137 955 3185 conventus
972 3142 1030 3195 ture
1058 3127 1160 3182 tionem
1178 3125 1235 3196 egit
1253 3127 1446 3199 pignoratitia,
1464 3126 1528 3185 licet
1545 3145 1601 3184 non
1620 3147 1633 3184 r
1676 3148 1691 3184 c
1709 3130 1812 3198 egerit,
1830 3139 1873 3183 ta-

216 3200 369 3260 desiderare
386 3210 482 3270 potest,
499 3212 531 3258 ut
546 3213 604 3256 uno
622 3196 722 3270 indicio
738 3199 773 3256 de
790 3209 849 3253 toto
866 3197 1029 3265 disceptetur
1057 3211 1119 3252 men
1138 3196 1162 3252 si
1178 3195 1272 3254 offerat
1291 3198 1320 3252 in
1339 3194 1440 3268 judicio
1458 3200 1609 3269 pecuniam,
1626 3210 1708 3270 atque
1724 3203 1763 3256 ita
1781 3197 1809 3257 ei
1825 3196 1873 3258 lite

215 3271 311 3331 debito
328 3283 518 3340 controverso,
537 3288 572 3328 ne
588 3269 725 3328 dividatur
743 3284 828 3326 causae
846 3269 1028 3338 continentia,
1057 3265 1191 3335 pendente
1209 3280 1336 3326 nascatur
1353 3269 1451 3342 agendi
1469 3265 1527 3340 jus,
1550 3268 1647 3326 debere
1663 3283 1722 3323 rem
1739 3271 1872 3339 pignora·

215 3345 243 3401 br
263 3339 384 3411 pluribus
401 3359 460 3399 reus
477 3337 585 3411 judiciis
601 3340 791 3412 distringatur,
804 3336 1026 3396 Gomeaiusnat.
1056 3349 1128 3409 tam,
1146 3339 1175 3396 δι
1192 3339 1263 3408 quod
1276 3355 1329 3404 ,nra
1347 3340 1470 3412 interest,
1487 3341 1622 3409 consequi,
1640 3337 1659 3413 l.
1677 3337 1702 3392 ιι·
1726 3356 1783 3392 rem
1801 3339 1871 3396 alir-

214 3417 289 3470 eorol.
309 3429 372 3468 torn.
392 3429 420 3467 2.
438 3426 495 3481 cap.
517 3431 557 3469 ιο
575 3431 649 3470 num.
669 3409 695 3466 5.
714 3412 742 3466 in
758 3407 828 3464 intel.
849 3407 1027 3466 Christinaeus
1055 3418 1165 3478 nam&
1191 3409 1229 3478 ff.
1248 3407 1297 3466 ult.
1313 3405 1396 3482 fide
1410 3415 1538 3485 pignerat.
1565 3409 1621 3464 ati.
1639 3418 1690 3463 nec
1717 3402 1871 3477 refragatur

212 3485 263 3541 isol-
274 3499 300 3542 ι.
320 3483 399 3540 decit.
421 3482 479 3556 157.
497 3501 572 3541 narn.
591 3480 639 3540 alr.
659 3480 698 3537 At
715 3485 739 3537 si
756 3477 813 3551 plus
831 3480 944 3547 petitum
961 3475 1027 3539 liris-
1056 3477 1115 3538 til.
1136 3471 1181 3537 25.
1197 3476 1230 3548 ff.
1248 3480 1274 3539 b.
1293 3497 1313 3537 t.
1341 3483 1435 3552 quippe
1450 3495 1532 3552 quam
1548 3475 1620 3538 redit
1640 3478 1674 3535 de
1692 3473 1748 3533 iilis
1763 3477 1872 3538 usibus

212 3567 254 3614 set
263 3577 281 3628 ,·
300 3556 368 3613 oiim
395 3565 476 3612 causa
497 3553 612 3611 cadebat
630 3547 725 3624 auor,
741 3567 796 3606 non
813 3555 872 3619 ipso
890 3546 947 3624 jqre
981 3553 1027 3609 sed
1057 3547 1243 3621 intellexeris,
1261 3550 1361 3622 quibus
1386 3553 1442 3621 ipsa
1459 3549 1557 3622 agendi
1582 3564 1666 3606 causa
1683 3545 1733 3604 lite
1759 3548 1872 3608 demum

213 3631 303 3701 nrcgis‘
326 3645 377 3697 ops
392 3626 580 3696 exceptionis,
603 3636 637 3682 ut
653 3622 712 3678 vult
740 3618 896 3693 Ravardus,
924 3592 982 3679 liis.
1000 3619 1026 3679 5.
1056 3621 1187 3690 pendente
1205 3633 1272 3680 nata
1289 3636 1347 3693 est,
1365 3621 1510 3680 meandum
1526 3637 1577 3690 ea,
1594 3636 1651 3690 que
1674 3631 1820 3678 occurrunt
1839 3623 1871 3680 in

210 3704 311 3756 varior.
330 3714 387 3768 cap.
402 3693 443 3766 rii.
463 3693 545 3769 Sane,
553 3713 616 3753 cum
634 3693 708 3753 aiios·
718 3710 774 3750 non
789 3689 936 3765 probasset,
944 3693 1026 3752 adeo-
1054 3691 1073 3748 l.
1090 3694 1203 3749 Antaeus
1225 3691 1266 3761 td.
1284 3685 1311 3769 ᾗ.
1331 3691 1380 3749 ult.
1400 3688 1439 3764 ff.
1456 3692 1488 3748 de
1504 3711 1566 3771 sqq.
1590 3692 1664 3762 pluo.
1681 3689 1789 3746 ascend.
1808 3707 1872 3750 cum

116 3793 122 3803 ι
212 3787 263 3840 que
281 3786 336 3828 non
356 3777 513 3840 appareret,
531 3769 606 3823 ‘reum
624 3775 751 3822 vocatum
768 3762 867 3820 debere
883 3763 929 3835 ici,
955 3764 1025 3840 quod
1054 3779 1087 3821 ex
1105 3760 1219 3821 adverso
1228 3767 1257 3818 in
1276 3777 1369 3820 nostra
1385 3769 1532 3836 questione
1541 3777 1583 3832 tus
1600 3760 1696 3836 agendi
1762 3759 1872 3820 tlitenr

210 3845 242 3897 in
261 3842 420 3910 petitionem
430 3835 653 3905 deduiiume'ran
672 3851 728 3890 non
746 3831 800 3889 alia
818 3849 899 3902 quam
917 3833 1025 3892 absolu·
1054 3833 1162 3904 quidem
1178 3844 1360 3893 contestatam
1377 3849 1527 3910 competere
1543 3836 1662 3904 crepuit,
1677 3851 1702 3888 se
1741 3849 1822 3891 causo
1839 3850 1871 3890 a·

210 3913 283 3966 toria
299 3911 436 3967 sententia
447 3906 510 3965 ferti
527 3919 649 3977 poterat:
667 3901 741 3975 cujus
759 3908 856 3961 viteus
872 3917 1025 3990 perpetuam
1052 3904 1134 4032 fiendi
1151 3906 1290 3974 antiquior
1309 3903 1401 3976 iter-rt,
1417 3923 1451 3962 ac
1468 3917 1533 3962 ante
1550 3904 1559 3957 i
1591 3921 1637 3963 um
1653 3904 1775 3964 estiterit
1792 3922 1871 3962 etor-

209 3979 303 4038 naiius
318 3985 359 4037 rci
377 3979 498 4047 iudicate
515 3985 700 4048 exceptionem
718 3973 845 4043 repellere
852 3987 941 4045 potuit
950 3970 1024 4032 abio-
1072 3980 1127 4035 ium
1145 3974 1204 4033 litis
1223 3973 1371 4036 Gomeaius
1388 3979 1690 4034 pertranseuntem.
1709 3988 1735 4030 ι.
1746 3989 1803 4048 cap.
1824 3991 1867 4031 ιι.

35 4111 41 4120 ,
210 4067 268 4107 rem
295 4055 393 4107 iterato
418 4051 512 4108 eadem
530 4051 564 4108 de
582 4069 610 4108 re
627 4049 799 4120 litigantem,
847 4047 1025 4117 amporam
1054 4063 1156 4103 numer.
1213 4087 1221 4101 .

104 4171 107 4180 .
211 4138 257 4178 ιο.
277 4119 346 4178 inst.
367 4119 399 4177 ds
417 4123 553 4198 exception.
561 4113 588 4206 i
607 4121 632 4177 ri
647 4123 705 4190 quir
724 4137 802 4191 agenr
821 4113 864 4172 ti.
883 4117 974 4174 Iussit.
991 4117 1025 4174 de
1086 4130 1129 4188 27.
1148 4113 1228 4174 Licet
1236 4128 1327 4174 autem
1339 4117 1493 4190 plerumque
1509 4119 1538 4178 id
1555 4116 1869 4192 obtineat,ut'nuiicium

210 4191 309 4249 ermion.
328 4194 380 4247 nisi
399 4189 485 4248 aiiori
505 4194 649 4261 tutissima
675 4191 709 4248 de
725 4205 805 4245 causa
822 4189 958 4246 restitutio
976 4189 1023 4246 da·
1053 4187 1083 4247 in
1101 4187 1234 4257 pendenti
1250 4205 1308 4246 esse
1325 4205 1380 4246 non
1399 4191 1503 4260 possit,
1519 4189 1564 4246 nel
1581 4191 1615 4250 de
1633 4190 1676 4248 his
1693 4187 1793 4260 rebus,
1811 4205 1869 4259 que

209 4261 346 4331 1·etur.,d.
365 4262 402 4333 ff.
422 4265 520 4333 siquis
538 4281 616 4334 agent
638 4257 684 4326 53.
702 4257 772 4316 Itttt.
790 4257 823 4316 da
840 4259 938 4316 ailiam
957 4255 1023 4317 Sue·
1052 4269 1144 4327 postea
1161 4260 1192 4315 in
1210 4256 1406 4330 obligationem
1417 4259 1573 4322 aduentare
1591 4276 1674 4327 ιιιιιι,Ι
1685 4280 1733 4318 nec
1753 4261 1786 4318 lis
1803 4279 1870 4330 este,

209 4336 305 4391 tonius
324 4335 352 4389 in
378 4333 436 4388 vita
463 4331 572 4390 Claudii
598 4333 658 4388 Cet.
677 4345 733 4400 cap.
760 4327 801 4399 ιΔ.
824 4332 853 4388 itt
869 4329 935 4405 fine.
962 4330 1023 4390 lure
1052 4331 1208 4402 priusquam
1218 4329 1322 4404 aliquid
1331 4329 1464 4390 debeatur
1479 4330 1500 4390 l.
1511 4351 1562 4389 nott
1579 4329 1805 4405 quemadmodum
1821 4323 1866 4386 55.

209 4423 284 4461 novo
307 4405 337 4460 in
364 4401 478 4470 triplmn
494 4404 589 4460 damni
617 4403 676 4461 dati
694 4399 766 4458 aiiio
792 4411 944 4471 comparata
971 4397 1022 4457 firit
1044 4395 1082 4468 ᾖ
1098 4399 1123 4456 b.
1142 4416 1197 4458 tec
1247 4413 1368 4460 stamen
1386 4413 1461 4474 sunt,
1477 4400 1575 4476 quibus
1591 4405 1620 4461 dr
1639 4404 1686 4472 id,
1705 4399 1776 4471 quod
1794 4416 1866 4458 non-

209 4476 337 4535 adversus
353 4469 481 4546 abionem,
492 4491 531 4544 rc,
549 4473 618 4546 loco,
629 4470 671 4530 vel
688 4489 779 4543 causa,
796 4470 855 4542 plus
873 4483 1021 4545 petentemg
1049 4470 1162 4529 dures
1233 4475 1312 4544 itum,
1322 4475 1354 4531 in
1373 4468 1505 4540 iudicium
1519 4471 1590 4532 redie
1607 4473 1771 4536 deducitur,-
1788 4485 1866 4544 puta,

208 4549 250 4605 sin
269 4559 389 4615 tempore
407 4542 465 4614 plus
483 4545 597 4612 petitum
613 4555 691 4614 esset,
700 4540 831 4612 obtinuit,
849 4556 880 4598 ut
897 4545 925 4602 dr
943 4542 1021 4601 indu-
1049 4545 1072 4598 si
1090 4535 1212 4619 sonuum
1238 4543 1579 4604 debitum-connexionem
1606 4541 1705 4600 habeat
1733 4557 1796 4598 cum
1812 4558 1866 4616 eo,

207 4610 1020 4753 itintititiditpttititininistitit
1048 4613 1558 4756 iui‘inlmrel‘itlii‘iimpffilii?
1568 4616 1683 4743 iiiii
1701 4609 1877 4744 ῐὲεεῗᾶιῗ

205 4757 339 4816 haberent
357 4760 386 4830 ii,
407 4762 453 4828 qui
471 4727 552 4814 tillem
571 4753 699 4826 injuriam
713 4761 782 4824 passi
799 4725 877 4811 era’nt
886 4777 898 4821 ‚-
915 4759 944 4814 dt
961 4767 1019 4825 post
1048 4761 1104 4812 turi
1122 4729 1249 4826 tetr’tporis
1268 4774 1362 4816 usitatis
1379 4759 1516 4829 damnari,
1533 4758 1620 4816 donec
1638 4725 1881 4831 condemnationi

204 4847 251 4888 ear
268 4827 358 4888 linitas
373 4847 431 4888 non
449 4827 529 4888 aliter
547 4826 609 4886 lites
620 4827 783 4898 suscipiant,
798 4829 850 4884 nisi
867 4841 960 4887 omnes
976 4845 1019 4886 re·
1046 4826 1082 4886 tid
1096 4833 1184 4886 sortis
1201 4829 1405 4896 restitutionem
1421 4827 1592 4894 araneum
1608 4826 1704 4905 fiterit,
1720 4843 1777 4901 arg·
1796 4825 1814 4884 l·
1836 4843 1862 4886 t.
