3994 5348
276 183 348 272 273
868 194 937 264 Lib.
963 190 1054 260 Xlll.
1083 197 1144 258 Tit.
1169 193 1225 256 Hs

228 268 352 356 doliorum
370 285 545 341 sistentiam.
557 303 581 342 2.
601 302 657 356 cap.
670 303 695 340 2.
715 283 838 341 nrcmffi.
857 284 891 346 (5
904 304 967 355 seqq.
987 300 1041 353 port
1055 285 1258 384 'caracallam
1276 279 1334 354 eJ'us
1353 284 1412 340 Ioco
1421 283 1537 340 similem
1546 279 1593 340 alut
1602 275 1895 340 estimationem'dsre

227 345 293 398 altor
312 348 349 403 ibi
366 354 469 423 citarat,
489 363 533 410 vix
552 371 645 412 tamen
659 371 708 425 est,
726 371 753 411 ut
771 370 862 412 eorum
878 359 1042 410 sententiam
1070 356 1261 426 compellitur,
1280 359 1297 410 l.
1317 359 1341 411 ri
1357 375 1375 407 a
1395 353 1535 409 stabolao
1554 351 1596 421 45.
1614 357 1638 421 b.
1656 365 1705 408 ult.
1725 361 1741 409 l.
1761 356 1785 408 ri
1798 353 1891 426 legati

228 411 401 492 armaveris,
420 443 480 479 cuin
500 445 583 491 neque
602 426 658 500 lege
676 429 729 482 ulla
750 429 777 484 id
795 441 902 481 cautum
920 429 977 492 sits
996 445 1041 480 ne·
1073 427 1196 482 servisti.
1215 433 1234 480 l.
1254 429 1277 480 ri
1294 427 1509 494 ieronimipo.
1527 420 1552 497 p.
1570 425 1602 476 ile
1615 425 1705 497 legatis
1728 440 1750 476 ι.
1770 423 1824 477 nisi
1844 421 1889 480 l·-

226 500 279 606 pue
296 495 439 548 translatio
458 501 626 562 possessionis
645 501 710 566 (que
725 501 1042 563 possessiosapetantum
1089 505 1190 552 statius
1208 496 1311 564 probet,
1328 509 1484 552 testatorem
1501 501 1619 562 scivisse,
1636 509 1701 562 tem,
1719 509 1799 560 quarn
1810 489 1891 564 legs·
1970 563 1971 570 ἵ

241 550 293 610 seit
310 577 360 630 est,
379 567 452 619 nulla
471 565 536 634 jutis
553 571 636 632 speie
657 567 698 623 vel
715 568 804 623 colore
822 562 1042 634 quesitoadjuta)
1070 514 1130 633 gat,
1148 568 1264 622 alienam
1282 585 1351 634 esse,
1371 568 1411 620 vel
1430 561 1578 634 eontanas
1597 581 1712 633 persone
1732 582 1773 618 res
1791 561 1888 616 aliena
1970 571 1971 576 ’

225 623 349 686 immutet
370 653 493 690 trituram
512 635 714 701 transadironiss
734 656 818 707 neque
829 641 860 706 is,
878 640 923 702 oui
942 654 1041 704 posses-
1071 656 1085 691 ι
1105 651 1234 692 testatore
1252 636 1337 707 legata
1357 641 1403 704 sit,
1420 654 1467 706 arg
1485 629 1581 760 §.aava
1599 646 1683 690 tolum
1701 631 1726 700 4.
1747 633 1838 686 Initii.
1851 629 1890 686 de

227 697 332 777 §lobeni
352 708 525 778 transigendo
542 703 689 772 transfert,
714 707 848 764 ullatenus
868 709 895 763 id
913 721 994 778 agat,
1012 719 1041 761 ut
1071 707 1405 777 lagn.ir‚,l.eumatienapn
1427 723 1465 762 ro.
1507 749 1512 760 .
1532 697 1887 778 delegarintionserlllan-

227 779 265 827 ιιι.
277 768 456 848 adversarium
474 778 625 832 dominium
645 792 782 845 transeat,
806 777 1042 844 adbocatum,
1068 780 1165 848 ¹gilium
1184 779 1215 829 ds
1233 778 1351 831 aristion.
1372 798 1413 846 pu.
1432 773 1474 828 lli.
1493 775 1526 836 (9
1546 795 1610 845 repp.
1852 775 1864 786 '

229 846 260 888 ut
278 854 333 903 lpse
351 848 427 900 cedat
450 845 501 910 lure
521 847 591 910 unali
610 846 691 914 quali,
710 850 781 913 quod
801 847 886 906 videri
905 861 991 915 posset
1011 849 1039 899 in
1112 842 1150 900 15.
1172 844 1255 902 Plane
1272 851 1301 901 in
1318 845 1512 902 donationibus
1530 841 1693 914 simplicibus
1719 840 1815 898 obses
1831 840 1887 896 do·

228 919 259 959 re
276 902 404 989 hodierius
429 933 541 980 possessa
561 913 658 970 habere
671 933 684 982 ι,
706 919 834 984 perinde,
861 922 902 972 uti
921 916 977 980 jure
995 931 1042 969 suo
1073 928 1151 970 natas
1169 913 1267 970 eviElas
1284 915 1443 971 donatorem
1463 933 1516 970 non
1536 919 1635 985 reneri,
1653 919 1738 969 verius
1754 922 1812 979 est,
1828 915 1889 968 sive

229 976 303 1054 quill
321 999 365 1047 qu,
375 987 394 1036 li
414 1003 445 1038 ac
464 987 547 1040 dubio
564 986 636 1040 cedit
656 986 719 1054 ille,
745 991 789 1054 qui
809 1003 868 1040 cuin
886 1003 942 1040 non
961 987 1041 1052 possi-
1072 985 1224 1054 adatione,
1242 985 1299 1039 sive
1324 989 1553 1053 apromissione,
1575 987 1689 1042 donatio
1707 987 1814 1039 initium
1833 981 1888 1037 ha-

228 1043 316 1128 deret,
336 1061 426 1124 aliquo
445 1069 565 1122 accepto,
582 1073 597 1108 ιι
617 1054 797 1121 persecutione
807 1063 844 1110 rei
854 1069 1043 1125 tanquamsus
1074 1048 1177 1111 bueti't:
1207 1054 1268 1109 licet
1286 1057 1359 1108 enim
1377 1053 1433 1122 jure
1452 1073 1524 1110 novo
1541 1057 1656 1112 deiratio
1671 1053 1783 1109 emtiooi
1804 1054 1834 1106 in
1851 1067 1889 1108 eo

227 1133 282 1188 Jsm
299 1137 382 1187 cupra
400 1125 512 1180 desistir.
532 1125 638 1195 Quibus
647 1126 759 1193 accedit,
777 1125 888 1182 dubium
898 1125 968 1180 haud
978 1146 1042 1194 esse,
1072 1125 1208 1193 adaquata
1228 1121 1323 1192 fuerit,
1347 1125 1418 1193 quod
1437 1142 1468 1179 ert
1488 1123 1566 1192 patio
1583 1125 1741 1180 donationis
1758 1119 1831 1177 aelio
1847 1121 1888 1178 ad

227 1194 292 1261 cain
312 1209 383 1257 aque
402 1197 536 1258 possidens
555 1213 584 1250 ac
604 1211 657 1249 non
679 1196 812 1260 possidens
823 1201 903 1263 possit
912 1195 1040 1251 debiliori
1072 1195 1231 1250 tradendum
1250 1207 1396 1262 competat,
1411 1187 1639 1264 barisanam.
1656 1190 1886 1250 latisindedonat.

225 1262 284 1331 jure
302 1267 422 1318 mainltus
432 1285 495 1334 esse,
514 1281 544 1318 ac
562 1261 756 1319 transabliones
777 1283 830 1323 non
850 1267 939 1320 minus
956 1266 1042 1320 modi·
1073 1281 1128 1318 non
1147 1277 1237 1320 tameo
1257 1264 1285 1318 in
1304 1280 1354 1333 eo,
1372 1279 1400 1318 ut
1419 1263 1517 1321 evieiio
1537 1266 1685 1331 prestanda
1702 1263 1771 1318 soret
1782 1279 1791 1327 ι
1818 1279 1884 1322 cram

227 1349 261 1388 co
278 1347 389 1398 accepto
407 1338 432 1390 dr
444 1337 607 1403 possessione
619 1332 749 1390 translata
760 1335 945 1406 expediantur,
962 1355 1041 1405 quarm
1074 1329 1169 1399 iustum
1188 1351 1241 1387 non
1254 1335 1299 1402 sit,
1309 1351 1341 1391 ex
1353 1352 1400 1389 sua
1411 1333 1577 1390 liberalitate
1586 1333 1889 1404 quemquamdamnum

225 1402 319 1458 eadem
339 1417 442 1458 retenta
468 1423 498 1457 ac
517 1407 622 1459 modico
641 1407 742 1473 petenti
760 1409 844 1475 dato,
871 1419 902 1460 ut
920 1407 955 1461 ab
974 1406 1041 1460 ulte·
1072 1406 1191 1467 sentire3
1207 1407 1375 1472 usqueadeo,
1393 1421 1433 1474 ut,
1446 1405 1786 1460 slmaxlmereinalienam
1794 1405 1887 1462 sciens

227 1478 297 1530 tiore
317 1472 365 1528 lite
383 1474 510 1529 discedit.
530 1471 567 1529 ἰιι
586 1475 697 1539 proinde
715 1493 748 1530 ex
768 1473 809 1531 his
823 1475 1042 1548 omnibusmagis
1072 1473 1134 1528 dolo
1152 1472 1223 1528 malo
1240 1474 1405 1543 donaverit,
1433 1489 1522 1530 tamen
1545 1495 1577 1530 ne
1594 1479 1632 1530 sic
1649 1475 1756 1545 quidem
1774 1476 1809 1532 de
1827 1477 1887 1540 eri-

227 1543 441 1600 c'oncludendum
456 1559 499 1612 sit,
517 1547 719 1614 contingentem
740 1547 766 1598 in
785 1541 965 1602 transadiione
983 1565 1041 1615 pos-
1072 1541 1162 1598 &ione
1181 1544 1214 1599 ad
1233 1547 1271 1598 rei
1286 1546 1392 1600 donate
1404 1551 1605 1601 estimationem
1617 1559 1749 1614 teneatur,
1767 1545 1888 1602 sedean-

226 1615 350 1670 sessionis
360 1613 567 1669 trarrslaonnern
579 1627 626 1669 aut
638 1623 816 1672 retentionem
827 1617 968 1674 evictionis
978 1635 1041 1686 pte·
1072 1626 1129 1667 tum
1147 1609 1254 1669 adsone
1271 1613 1329 1669 doli
1356 1615 1390 1669 ad
1409 1615 1436 1670 id
1455 1616 1525 1681 quod
1546 1612 1616 1670 forte
1633 1618 1790 1672 donatarius
1814 1632 1888 1672 non·

226 1682 329 1740 stands
349 1687 452 1738 intuitu
470 1683 572 1738 nullam
585 1686 692 1754 operari
710 1684 806 1744 debere
827 1683 1041 1753 iuris‘rltversita-
1073 1682 1158 1738 nullas
1188 1685 1215 1737 in
1235 1699 1293 1738 rem
1310 1685 1439 1740 donatam
1466 1687 1598 1752 impensas
1626 1682 1738 1755 fecerit,
1763 1703 1828 1756 quas
1845 1684 1884 1740 ab

223 1757 395 1822 ternio'ane,
413 1755 434 1808 si
453 1771 583 1820 possessor
601 1767 797 1826 acceptoprope
808 1752 876 1820 iusto
886 1759 973 1822 pretio
982 1775 1039 1824 pos·
1070 1759 1214 1808 evincente
1232 1771 1288 1806 non
1306 1757 1392 1820 potuit
1412 1771 1573 1824 recuperare,
1591 1767 1637 1809 aut
1656 1755 1711 1810 alio
1727 1754 1808 1811 simili
1823 1771 1889 1811 mo·

226 1825 377 1880 sessionem
405 1825 561 1880 adversario
586 1835 766 1896 concesserit,
794 1831 833 1884 uti
861 1842 926 1882 tuuc
944 1830 1041 1883 emtio-
1070 1823 1107 1878 do
1125 1827 1153 1875 in
1170 1822 1271 1878 damno
1290 1819 1397 1893 haereat,
1414 1825 1431 1876 l.
1450 1827 1576 1894 qnoniam
1594 1839 1618 1878 2.
1637 1825 1665 1880 C.
1683 1825 1743 1881 ιι.
1765 1822 1846 1892 jun&
1866 1827 1888 1882 l.

225 1909 290 1948 nem
308 1892 379 1946 hanc
399 1901 482 1962 magis
500 1892 690 1951 transabiionis
708 1897 790 1953 titulo
809 1895 941 1964 velatam,
963 1913 1041 1966 quam
1071 1893 1164 1945 Aristo
1182 1895 1221 1947 air
1236 1893 1275 1948 rii.
1293 1887 1318 1964 ᾗ.
1330 1901 1375 1949 ult.
1389 1889 1430 1963 ff
1440 1895 1473 1947 de
1482 1891 1675 1967 donationibus,
1693 1913 1723 1952 at
1745 1937 1751 1948 .
1770 1894 1888 1952 dudm

226 1979 319 2018 setam
338 1963 544 2021 transactionem
562 1981 617 2019 esse
635 1969 865 2040 nonnegaverinr,
876 1967 912 2021 ita
925 1968 1042 2023 vicissim
1071 1960 1238 2018 inaurasse.
1247 1956 1288 2034 fl:
1306 1963 1339 2017 da
1355 1965 1444 2019 edilis.
1464 1965 1540 2024 editi.
1551 1963 1671 2022 Vinnius
1689 1913 1778 2021 sedet.
1795 1984 1886 2048 quast.

225 2032 428 2089 concedendum
447 2033 515 2087 mibl
535 2031 637 2102 fuerit,
656 2053 710 2090 non
729 2043 819 2093 minus
836 2043 980 2094 emtionem
999 2039 1040 2096 di-
1071 2032 1114 2086 lib.
1126 2047 1149 2086 a.
1168 2047 1225 2100 cap.
1241 2041 1266 2087 li.
1285 2035 1357 2108 circa
1367 2033 1462 2106 fincta.
1482 2035 1595 2092 Grotius
1613 2036 1725 2091 manisd.
1747 2034 1887 2107 adpurr'rp.

224 2105 359 2172 modain,
386 2106 409 2157 si
429 2123 482 2160 non
504 2104 640 2169 possidens
657 2101 727 2171 justo
745 2109 935 2176 propemodum
955 2115 1041 2174 pretio
1071 2101 1142 2156 Hali.
1162 2100 1205 2156 lib.
1224 2099 1249 2158 5.
1269 2119 1325 2172 cap.
1347 2117 1371 2158 a.
1389 2125 1461 2160 ηψπ.
1475 2119 1499 2176 7.
1518 2102 1579 2163 Nisi
1599 2113 1670 2162 inter
1686 2107 1832 2164 donantem
1851 2125 1884 2164 ac

225 2183 337 2238 coepto
354 2189 398 2239 per
417 2190 589 2243 possessorem
606 2191 620 2228 a
640 2174 685 2232 lite
703 2177 877 2248 dimittatur,
903 2177 967 2233 dum
985 2177 1042 2246 plus
1071 2173 1243 2228 donatoriam
1261 2173 1403 2238 stipulatio
1428 2177 1461 2232 de
1478 2175 1614 2234 eviilione
1633 2179 1811 2232 intercesserit
1858 2177 1886 2232 d.

225 2241 304 2320 valet·
324 2243 400 2310 quod
414 2248 522 2316 agitur,
548 2259 629 2315 quam
643 2247 714 2315 quod
729 2245 858 2304 'simulate
872 2247 1023 2316 concipitur
1033 2289 1042 2316 ,
1072 2243 1089 2295 l.
1101 2253 1126 2296 ι.
1145 2240 1173 2294 C.
1193 2241 1217 2296 l.
1229 2259 1246 2298 ι.
1267 2241 1341 2315 (licet
1360 2261 1393 2298 ne
1410 2257 1474 2300 runc
1492 2246 1599 2313 quidem
1617 2248 1649 2304 de
1658 2244 1791 2304 erratione
1799 2217 1887 2304 adlin-

225 2327 275 2379 pet
294 2327 352 2378 Jurs
371 2310 492 2386 vulgata.
1012 2361 1014 2368 ,
1073 2325 1133 2365 nem
1151 2311 1212 2367 dari
1229 2325 1362 2382 oportere,
1383 2309 1478 2372 l'rirlus
1495 2321 1627 2373 censuerit
1645 2314 1888 2383 papnuntius.

265 2398 305 2438 ιι.
328 2379 364 2436 ιιι
382 2379 435 2440 hec
453 2383 564 2452 quidem
593 2379 719 2440 hedenus
745 2387 779 2444 d'e
797 2383 884 2442 titulis
902 2385 1042 2455 onerosis,
1072 2384 1113 2435 ιὶι.
1135 2397 1177 2435 ιι.
1195 2373 1220 2455 §.
1240 2379 1277 2452 5.)
1305 2383 1346 2439 vel
1366 2387 1417 2440 nisi
1433 2404 1474 2440 res
1492 2387 1520 2440 in
1539 2401 1635 2456 genere
1662 2405 1708 2454 pet
1725 2387 1885 2444 donatorem

223 2456 255 2509 ιιι
274 2451 414 2508 lucrativis
432 2469 487 2507 oon
508 2470 554 2520 per
571 2455 663 2508 omnia
681 2453 769 2512 simile
787 2453 901 2523 jusesr.
927 2455 1001 2515 Nam
1020 2457 1043 2509 si
1072 2457 1199 2516 promisse
1216 2455 1263 2519 sir,
1282 2471 1314 2508 ac
1331 2455 1428 2510 deinde
1445 2457 1590 2512 evincatur
1607 2457 1704 2526 species
1722 2455 1784 2524 illl,
1804 2471 1886 2524 quam
1969 2477 1971 2482 ’

225 2521 274 2578 dos
290 2520 379 2579 eiras
398 2519 662 2600 fuerrtyidendum,
679 2539 769 2582 utrum
787 2542 804 2579 a
822 2525 952 2594 datione,
972 2541 1042 2580 ana
1072 2520 1107 2575 ad
1135 2517 1288 2580 faciendum
1315 2524 1474 2582 donationis
1502 2525 1704 2595 implementum
1730 2544 1764 2581 ex
1789 2541 1887 2596 genere

225 2592 403 2659 promissione
420 2592 468 2648 dos
485 2601 624 2659 inceperat.
644 2591 675 2647 til
692 2607 708 2644 a
726 2602 911 2666 protnlssione,
920 2595 1043 2653 conditio
1073 2593 1214 2659 prestitit5
1231 2607 1390 2666 argumento
1408 2611 1512 2665 eorum,
1530 2613 1586 2665 quae
1604 2597 1722 2664 superius
1737 2594 1890 2664 degeneris
1922 2645 1924 2648 .

227 2658 270 2716 vel
287 2656 359 2716 auro
386 2677 418 2715 ex
436 2657 572 2726 stipulatu
584 2663 690 2716 marito.
701 2669 848 2732 competit,
875 2665 977 2722 utalia
996 2665 1043 2722 dos
1072 2659 1161 2730 legato
1177 2661 1250 2721 dicia
1267 2677 1339 2720 sunt.
1361 2661 1588 2724 Brunnemannus
1614 2665 1653 2720 ad
1666 2666 1683 2720 l.
1702 2681 1727 2718 2.
1746 2661 1776 2717 C.
1793 2662 1823 2718 b.
1841 2665 1890 2720 tis.

224 2729 313 2786 detur.
332 2729 388 2786 oin
401 2731 547 2796 edatione,
564 2729 587 2784 si
604 2731 716 2801 quidem
731 2735 861 2790 aestimata
876 2737 941 2792 data
957 2737 996 2792 sit
1011 2747 1042 2791 ea
1072 2731 1153 2787 Adde
1172 2731 1332 2791 Gomezium
1351 2739 1454 2791 variar.
1474 2735 1575 2793 resolui.
1586 2749 1679 2790 coms.
1697 2745 1753 2800 cap.
1764 2747 1789 2786 2.
1802 2729 1897 2790 noo

225 2811 336 2870 mente,
359 2813 391 2858 ut
407 2801 550 2858 estimatio
576 2803 711 2867 quandam
739 2805 905 2862 venditionis
929 2807 1043 2874 speciem
1073 2797 1140 2856 Man
1172 2802 1237 2858 llum
1254 2803 1287 2857 de
1302 2806 1378 2861 anili.
1398 2823 1485 2876 queo.
1502 2803 1542 2862 69.
1561 2803 1603 2874 69.
1802 2865 1804 2872 ,

224 2871 395 2946 constituat,
412 2869 483 2928 stilo
499 2872 532 2928 de
550 2863 688 2928 evibiione
701 2871 792 2930 danda
810 2887 860 2945 est,
878 2876 918 2930 uti
934 2887 1042 2946 propter
1059 2891 1060 2894 ¹
1116 2890 1126 2927 ι
1176 2873 1255 2931 Licet
1272 2889 1362 2932 autem
1379 2877 1413 2932 ad
1432 2877 1605 2934 donationem
1621 2862 1818 2944 quodammodo
1836 2883 1889 2926 ιε’-

142 2998 146 3005 ,
224 2955 282 2995 rem
300 2943 439 2998 venditam
456 2933 572 2997 evitium
599 2941 689 2998 danda
707 2937 793 2998 soret:
821 2945 844 2998 si
863 2961 926 2999 vero
945 2948 1042 3000 inaesti-
1072 2943 1164 2999 cedere
1182 2943 1306 3001 videatur
1325 2947 1354 3000 in
1374 2942 1487 3004 seudum
1503 2943 1636 3002 concessio
1652 2938 1888 3012 aeempbyteusis,
1967 2963 1971 2974 ·

225 3024 308 3082 mata,
328 3011 370 3067 vel
388 3012 524 3066 aestimata.
539 3009 660 3081 quidem,
673 3012 759 3070 cedes
770 3014 967 3072 intentionene
978 3031 1042 3069 ven·
1071 3010 1135 3068 dum
1155 3008 1262 3070 seudum
1280 3012 1411 3071 delinitur
1428 3035 1474 3086 per
1493 3013 1662 3081 beneficium,
1681 3011 1708 3066 in
1720 3009 1765 3066 lib.
1777 3027 1805 3064 2.
1809 3007 1887 3082 feuei.

229 3081 300 3137 ditio
317 3077 500 3148 contrahatur,
521 3079 595 3153 nulla
614 3086 710 3136 rnarito
728 3081 764 3137 ob
780 3081 1043 3142 eameirslonastto
1072 3086 1114 3137 tit.
1132 3077 1175 3136 23.
1196 3101 1244 3140 nec
1263 3084 1419 3155 repuleritet
1437 3087 1549 3143 canonis
1566 3097 1615 3141 aut
1633 3081 1811 3150 servitiorum
1822 3097 1885 3150 prs-

225 3163 276 3217 ιιι,
294 3150 346 3205 nisi
364 3150 428 3208 dolo
446 3151 518 3206 trislo
536 3166 579 3218 res
595 3151 682 3205 aliena
701 3153 739 3207 sic
748 3151 813 3208 data
823 3157 866 3222 sit,
885 3160 1042 3223 quippequo
1072 3158 1154 3207 statio
1173 3154 1317 3222 respondet·
1333 3151 1464 3213 nudibus
1482 3152 1627 3226 majoribus
1653 3153 1680 3210 δι
1697 3148 1886 3209 ernolumeotis

226 3237 292 3278 castr
308 3221 342 3277 de
359 3220 432 3290 dolo,
450 3233 498 3276 aut
516 3222 547 3274 ιιι
564 3215 673 3292 fabium,
691 3221 728 3274 ob
747 3219 879 3276 honorem
897 3227 1041 3278 matrimo-
1072 3237 1105 3276 ex
1122 3221 1366 3293 emphyteuticario
1393 3225 1436 3282 vel
1455 3224 1556 3285 feudali
1575 3220 1673 3294 predio
1691 3221 1886 3290 percipiendis,

226 3292 279 3362 nii,
296 3291 319 3347 si
337 3296 426 3347 uxoris
444 3292 528 3356 ipsius
544 3289 621 3347 dolus
639 3303 779 3362 arguatur,
798 3291 934 3362 agendum
953 3289 1042 3362 soret,
1072 3301 1171 3360 tamen,
1189 3295 1252 3363 quia
1271 3291 1325 3350 sere
1343 3293 1377 3352 ad
1396 3300 1482 3353 instar
1499 3299 1571 3355 dotis
1589 3293 1644 3348 hec
1661 3289 1886 3415 qualisgualisli·

226 3361 245 3416 l.
260 3378 283 3416 ι.
302 3360 330 3415 C.
348 3359 379 3415 da
397 3365 458 3430 jure
467 3359 520 3414 dat.
539 3363 557 3414 l.
575 3363 690 3430 quatiant
706 3357 743 3416 ι6.
765 3365 783 3416 l.
803 3379 863 3416 cum
881 3375 936 3428 port
954 3359 1047 3418 dinan·
1072 3357 1198 3416 beraliras
1216 3364 1422 3421 concedentium
1450 3373 1477 3426 in
1497 3365 1609 3425 feudum
1634 3375 1681 3418 aut
1699 3379 1759 3430 emp
1808 3359 1883 3418 cusin

227 3434 301 3488 sium
312 3425 358 3500 69.
377 3425 404 3502 p.
422 3446 483 3487 cum
502 3449 542 3484 m
561 3441 585 3500 7.
595 3428 636 3502 ff.
655 3431 687 3486 de
697 3429 766 3500 jope
781 3429 832 3484 dn.
853 3423 936 3497 inno.
955 3431 972 3488 l.
988 3433 1047 3502 pa-
1072 3447 1154 3488 onera
1182 3439 1263 3489 varia·
1276 3431 1402 3503 adiuniia
1421 3437 1521 3504 habet;
1549 3435 1608 3491 ideo
1626 3428 1682 3500 iure
1701 3430 1796 3488 seudai
1819 3432 1884 3484 'cau-

227 3519 338 3572 samque
358 3519 396 3556 ro.
413 3493 440 3576 ι.
460 3503 483 3555 ιι·
500 3515 564 3554 ante
580 3497 667 3630 ds
685 3499 739 3556 eod
756 3502 800 3572 ιιι.
820 3513 869 3555 aut
896 3503 949 3557 nisi
967 3519 1058 3572 pater,
1072 3515 1131 3558 tum
1147 3512 1205 3574 est,
1222 3522 1252 3560 re
1270 3499 1369 3564 feudali
1386 3505 1483 3577 eride,
1502 3503 1664 3569 casellam,
1682 3506 1729 3570 qul
1748 3499 1884 3572 ignoravit

228 3581 286 3628 rem
303 3570 427 3627 alienam,
448 3575 476 3628 in
503 3571 596 3628 dotem
631 3571 743 3640 ederit„
761 3573 845 3627 etiarn
873 3569 946 3627 bona
975 3568 1041 3632 lide:
1072 3571 1190 3631 alienam
1207 3569 1604 3645 coenobitarum·catolonis
1623 3572 1734 3625 nomine
1751 3565 1882 3624 odilonem

227 3655 290 3698 oum
307 3643 381 3697 enim
398 3637 521 3698 officium
536 3637 592 3706 ejus
610 3644 660 3712 sit,
672 3643 765 3699 dotem
785 3657 832 3707 pro
850 3640 971 3700 suadare
981 3659 1042 3714 pro·
1073 3644 1102 3697 in
1119 3641 1243 3712 simplum
1253 3686 1261 3714 ,
1280 3655 1310 3700 ut
1327 3644 1428 3703 scilicet
1443 3643 1559 3714 ejusdem
1578 3639 1711 3697 bonitatis
1730 3657 1765 3694 ac.
1780 3638 1891 3708 quanti·-

229 3713 321 3834 5enie:
341 3710 423 3766 aliam
441 3709 532 3770 eviste
551 3709 611 3790 loco
627 3714 694 3770 date
707 3710 904 3785 compellendus
918 3726 974 3782 est,
986 3715 1045 3786 argi
1072 3719 1137 3769 tatis
1156 3713 1279 3786 predium
1289 3727 1425 3782 praestetur
1435 3735 1443 3783 l
1461 3719 1556 3773 scienti
1574 3725 1664 3770 autern
1683 3727 1739 3766 non
1758 3705 1839 3764 aliter
1856 3709 1890 3764 in:

249 3796 259 3836 .·
274 3779 345 3852 L69.
362 3775 389 3853 ιι.
403 3799 491 3856 gener.
510 3779 535 3848 4.
546 3779 586 3852 ff.
605 3779 630 3837 l.
649 3784 692 3838 tit.
1072 3779 1250 3842 ld'abiionem
1269 3785 1386 3842 dandam
1401 3800 1575 3854 contraeunt,
1593 3787 1638 3851 qui
1650 3781 1791 3849 concussi,
1809 3793 1884 3848 ultim

268 3863 309 3906 m.
328 3847 434 3974 nepas
460 3852 531 3918 quod
548 3849 757 3922 speduminter
775 3867 832 3906 rem
850 3851 879 3907 in
897 3865 993 3923 genere
1011 3867 1043 3906 ac
1073 3857 1096 3912 sl
1113 3851 1191 3922 patio
1207 3856 1318 3925 speciali
1337 3857 1363 3913 id
1382 3856 1470 3914 actum
1490 3853 1572 3926 fuerit
1583 3875 1598 3909 :.
1615 3855 1694 3921 ipsius
1715 3851 1885 3908 concedentis

227 3917 260 3974 ιιι
276 3926 367 3990 specle.
389 3928 498 3994 agatem
523 3921 641 3978 multum
659 3926 769 3979 interest
779 3937 799 3986 ι,
815 3921 840 3974 si
854 3920 937 3980 enims
952 3939 994 3978 res
1013 3924 1042 3977 ιιι
1071 3925 1185 3982 selentia
1203 3935 1250 3981 aut
1269 3926 1425 3994 ignorantia
1444 3943 1500 3991 non
1518 3923 1698 3986 considerata,
1715 3917 1760 3975 lii.
1771 3933 1796 3972 aa
1808 3915 1885 3992 sesd-

184 4044 186 4050 .
227 4003 327 4059 genere
344 3991 434 4116 leffata
452 3989 544 4062 fuerit,
562 3990 646 4049 veluti
657 3991 748 4063 homo,
766 4005 846 4060 equus
856 3995 909 4049 dte.
926 3992 1045 4050 schetes
1072 3990 1236 4062 sabrano.
1247 3991 1331 4054 &lia
1343 3993 1555 4055 80.'Rbsentlial
1574 3983 1892 4062 synopslseadallcaerl.6;·

228 4063 425 4132 generisiius
442 4069 551 4119 certant,
562 4065 677 4130 speciem
694 4077 743 4119 suo
768 4058 817 4119 velr
828 4060 952 4132 legatarii
969 4061 1043 4119 arbi·
1071 4061 1151 4119 conci.
1163 4061 1206 4134 59.
1224 4057 1322 4120 soal.
1341 4061 1499 4123 Gudelinoe
1510 4064 1543 4120 de
1551 4057 1645 4136 feudis
1661 4075 1720 4130 parc
1739 4073 1843 4130 a.-tap.
1859 4068 1892 4128 9.-

228 4126 290 4184 trio.
300 4133 467 4204 prestiteris,
482 4149 514 4189 es
523 4133 647 4203 deinceps
655 4127 753 4202 caieta,
769 4149 826 4189 non
835 4130 957 4204 dubium,
974 4135 1040 4203 quin
1071 4150 1147 4189 mimr
1164 4133 1189 4189 ll.
1208 4143 1234 4203 9
1249 4151 1289 4192 ιο.
1309 4131 1346 4191 lit
1363 4137 1397 4193 de
1416 4153 1444 4193 re
1460 4127 1558 4208 cirita,
1575 4150 1639 4204 quat
1650 4133 1678 4185 in
1697 4125 1884 4202 emphytuuin

227 4195 323 4256 saltem
340 4201 474 4260 adallstn
492 4199 610 4269 eiusdem
626 4209 730 4280 generis
747 4205 859 4271 speciem
873 4219 993 4262 excausa
1005 4205 1046 4262 le·-
1071 4220 1197 4262 concessa
1216 4201 1324 4276 fuerat,
1352 4204 1531 4278 emphyteuta.
1549 4199 1884 4262 adversustoncedentern

227 4274 285 4340 gaci
301 4271 459 4332 solvendam
477 4291 525 4340 pet,
539 4269 680 4334 astionem·
692 4293 725 4332 er
743 4284 905 4332 testamento
913 4279 971 4349 cogi
982 4294 1042 4345 pos-
1071 4291 1130 4330 com
1166 4291 1221 4332 tere
1239 4269 1370 4333 aaronem
1389 4273 1634 4348 pluribusplscuit,
1651 4285 1708 4396 21¹2·
1722 4267 1739 4323 l·
1751 4271 1885 4340 stipulatio

228 4341 276 4409 sit,
293 4342 356 4399 dtun
375 4343 498 4401 voluntas
517 4353 652 4404 testatoris
678 4339 900 4432 genus'legantis,
920 4347 1045 4414 perslie·
1071 4296 1178 4402 inoffi.
1208 4353 1222 4398 ’.
1240 4347 1263 4401 ιι·
1280 4349 1336 4414 pais
1366 4363 1419 4423 orti
1437 4341 1463 4402 3.
1481 4342 1512 4414 ff.
1531 4343 1563 4399 de
1581 4341 1650 4399 berb.¹
1669 4363 1683 4396 o
1700 4342 1720 4398 l·
1736 4357 1742 4394 ;
1760 4338 1894 4420 Gujscivs

226 4413 327 4470 merei
345 4413 508 4474 solutionem
525 4417 633 4486 impleta
651 4386 706 4475 dici
726 4429 835 4485 nequit,
860 4413 970 4486 laberer
988 4436 1046 4470 m·⁴
1071 4413 1111 4471 ad
1125 4415 1152 4472 d.
1170 4417 1188 4472 l.
1235 4407 1320 4488 .§.·3.
1366 4411 1499 4474 abellinas
1517 4413 1549 4470 de
1566 4414 1686 4472 inlunis.
1724 4407 1776 4478 .ι.
1794 4430 1826 4488 ιι.
1845 4409 1885 4468 5Ξ

228 4478 347 4542 vum-5&
354 4481 396 4558 βξ
415 4486 440 4546 ι.
451 4503 472 4544 ι.
486 4486 504 4544 l.
524 4487 757 4558 paleoncabinam
776 4499 820 4558 29.
836 4477 862 4556 β.
882 4483 995 4542 rideres
1013 4477 1041 4540 3.
1073 4485 1232 4543 Hachovius
1243 4484 1283 4540 aa
1296 4483 1527 4544 Tr'eutlerumool.
1538 4501 1564 4542 a.
1582 4483 1645 4549 diip.
1657 4497 1682 4539 ι.
1700 4479 1836 4539 ιι.’5..ιιι.
1854 4477 1885 4539 C.

253 4561 404 4638 ,delegarit
415 4547 441 4614 3.
451 4557 469 4614 l.
484 4557 508 4614 si
524 4555 745 4628 asrabstiiutodfi.
781 4597 789 4612 .
802 4575 825 4612 ι.
835 4558 852 4612 l.
863 4555 986 4614 ridemur
997 4569 1040 4628 71.
1071 4553 1220 4616 Berllchius
1236 4556 1347 4614 conclea.
1363 4557 1447 4626 psall.
1464 4571 1531 4634 pai„
1545 4551 1674 4628 tectulo
1684 4551 1726 4624 nd
1745 4573 1772 4608 n.
1790 4547 1848 4610 55..

270 4637 302 4694 do
320 4629 440 4692 ermion.
457 4645 484 4684 2.
495 4616 678 4704 ffidelegptis
700 4648 732 4687 ι..
764 4647 794 4683 ιιι
813 4643 870 4684 rem
888 4637 991 4685 cottam
1009 4643 1041 4681 ac
1109 4626 1150 4686 ι5.Ι
1168 4625 1298 4686 Ceterum
1316 4625 1464 4684 icadioni
1483 4622 1886 4694 decaidilonelocuscssepos-

198 4748 203 4761 .
274 4703 362 4835 specie
378 4705 552 4758 nominatam·
563 4712 681 4759 tesmtor
694 4697 827 4777 legaverit·
838 4691 954 4769 ,sheres
980 4713 1051 4758 eam
1070 4698 1117 4768 sit,
1135 4701 1328 4767 noninterest,
1345 4711 1437 4754 utrum
1447 4709 1505 4754 tota
1513 4715 1555 4754 res
1562 4693 1649 4754 evibi'a
1659 4689 1753 4762 suerit,
1769 4711 1807 4750 sn
1827 4709 1888 4766 pars

224 4731 281 4854 ¹dos
294 4791 336 4835 em
353 4770 458 4844 caulem
475 4767 951 4843 umandoliberstur„oec„siilla
962 4769 1050 4828 evin·
1070 4767 1173 4840 eius,l.
1188 4773 1210 4826 l.
1223 4763 1262 4838 ff
1279 4766 1358 4826 bittit.
1375 4765 1640 4835 sizulod‘opsreilla
1658 4764 1814 4836 principalis
1834 4771 1886 4832 sit,
