3994 5350
772 207 953 274 doionibus
979 207 1071 272 nnat
1090 205 1120 274 u
1137 205 1292 273 Venditi.
1437 213 1442 218 '
1651 213 1653 218 “
1741 197 1813 295 187

184 302 281 364 hrum
296 315 402 376 matre
419 299 523 362 titium
533 313 618 372 sunt,
635 315 693 370 qua
710 315 744 358 ex
762 312 855 358 nostra
872 303 1007 362 sententia
1036 301 1086 368 ipsi
1103 295 1173 356 soret
1190 298 1284 371 petilio
1302 297 1481 372 rescissione,
1499 315 1559 358 cum
1578 295 1732 360 &retinere
1750 317 1805 359 rem
1818 303 1857 373 si-
1877 330 1879 336 ·

186 392 208 434 a
227 371 373 434 nonnullis
389 370 746 438 educunturabsurditatesa
763 372 801 428 sic
811 367 1007 440 precisilepro·
1036 368 1065 427 bi
1082 371 1220 442 pouiser,
1237 375 1266 430 dr
1283 370 1363 427 alteri
1382 371 1499 429 vendere
1517 388 1549 426 ac
1567 370 1671 430 tradere
1688 371 1855 429 dominium·
1945 429 1953 441 ,

155 513 157 516 ,
185 444 256 506 bare
273 439 461 504 coutrailuum
479 441 676 514 violationem,
702 447 740 500 sic
757 438 824 516 legis
845 438 1008 500 asserente
1034 441 1132 512 quein
1150 441 1295 500 secundnm
1311 452 1443 500 emtorern
1459 437 1614 511 transferre,
1632 457 1687 496 non
1698 440 1780 498 aliam
1790 441 1855 499 sub·

76 558 79 564 .
186 511 283 589 frangi
298 517 409 584 impune
510 510 704 582 fidemdatam,
719 509 784 568 dum
802 509 916 570 aliudin
933 509 1006 568 obli·
1035 517 1120 570 iturus
1146 510 1262 580 perfidie
1291 525 1408 582 poenam,
1424 523 1506 584 quam
1516 508 1572 580 eius
1583 510 1655 579 quod
1665 512 1777 570 interest
1788 531 1855 580 pra·

205 586 329 660 etiamne
345 531 493 644 unffi
508 580 581 652 fuit,
598 581 674 640 aliud
689 585 787 638 emtori
802 580 895 640 invito
911 577 1006 638 obtru·
1034 581 1191 654 stationem,
1209 596 1239 641 ut
1258 593 1323 640 ante
1339 577 1453 652 dilium,
1470 581 1488 638 l.
1506 585 1551 652 poi
1568 579 1619 640 ribi
1635 580 1705 640 osc.
1717 581 1749 638 de
1766 581 1853 640 bared.
1899 597 1912 608 ·

7 653 9 662 ’
183 603 272 716 ditur.
290 651 528 718 Considerandum
544 653 619 711 enim
648 655 676 707 in
705 649 874 726 obligatione
900 651 1007 724 quidem
1035 651 1079 710 orl
1092 651 1146 708 au.
1166 651 1242 711 vend.
1262 647 1316 709 Sed
1334 653 1362 711 dr
1390 656 1413 708 si
1430 650 1475 708 vel
1493 657 1610 710 maxime
1627 653 1757 724 daretur,
1776 659 1806 710 in
1824 651 1853 709 d.

179 726 273 790 solam
289 743 344 784 esse
359 723 485 782 tradendi
503 729 700 789 necessitatem,
717 713 743 794 d.
759 724 856 778 anast.
874 719 1005 778 odones.
1033 723 1052 782 Ι.
1070 735 1096 794 7.
1115 721 1141 777 C.
1161 719 1194 778 de
1212 737 1240 780 ra
1259 691 1375 780 ferend
1388 722 1487 778 vendit.
1503 727 1545 793 agi
1563 722 1596 782 de
1615 722 1774 784 venditione
1791 723 1853 793 tali,

184 795 216 856 A.
234 796 254 853 l.
277 785 353 880 rr.§.
370 812 399 854 a.
409 789 449 867 ff·
468 792 495 850 b.
513 807 533 849 t.
551 789 644 851 sedin
663 790 825 851 liberatione
842 811 897 850 esse
914 789 1005 863 praela·
1033 792 1069 852 ad
1086 807 1167 862 quam
1185 791 1300 851 necdum
1317 793 1355 849 rei
1374 793 1487 850 traditio
1506 811 1590 864 neque
1608 795 1762 852 nrmteratio
1770 797 1852 864 pretii

85 857 90 871 ¹
184 869 362 937 tionen'epus
377 863 451 938 qnod
469 867 598 931 interest}
624 881 684 936 pue
712 863 768 931 ipsa
796 867 930 932 praetatis
950 860 1006 931 eius
1035 877 1127 922 secuta
1146 857 1220 932 fuit,
1237 880 1293 922 non
1312 874 1405 940 tamen
1422 881 1453 918 ar
1472 875 1632 935 umentem,
1659 863 1762 922 indes,
1775 863 1852 934 dupli

182 935 257 1009 quod
275 939 391 997 interest
408 932 445 992 ob
463 949 521 992 rem
539 951 595 1002 non
614 931 743 988 traditam
754 930 922 998 pertidia-ac
939 951 1005 990 con·
1032 932 1271 1004 prettrobtatione
1287 935 1403 1002 petitum
1431 881 1486 990 ulla
1495 935 1643 1006 stringeret
1650 935 1772 1002 ratione;
1789 949 1853 992 cnm

185 1001 289 1069 atauus
308 1005 402 1064 violati
419 1021 497 1074 poena
513 1016 565 1074 est,
583 1002 600 1059 l.
611 1004 657 1074 qui
665 1000 715 1058 ribi
725 999 750 1060 6.
769 1001 841 1058 cde
858 1001 946 1058 bared.
964 1004 1009 1061 vel
1035 1017 1154 1074 tempore
1172 1001 1340 1063 Diocletiani
1357 1005 1385 1062 dt
1397 975 1573 1074 Maximiani,
1590 1001 1731 1064 audiorum
1741 1007 1769 1064 d.
1832 1013 1853 1062 is

142 1133 149 1148 ,
182 1077 239 1134 au.
259 1077 335 1134 vend.
353 1088 384 1134 ut
402 1075 514 1143 proinde
523 1091 579 1130 non
598 1073 709 1143 impune
718 1069 789 1130 ferat
799 1067 926 1146 frangens
938 1089 1005 1130 con·
1033 1087 1124 1147 sexte,
1141 1075 1263 1132 nondum
1300 1077 1416 1132 testatio
1432 1071 1498 1144 elus,
1515 1075 1728 1148 quod'interest,
1746 1076 1781 1135 ad
1819 1095 1853 1136 u·
1955 1123 1959 1132 .

184 1143 395 1210 tmlltufidemt
412 1145 536 1216 nisiquis
551 1141 762 1204 eademratione
779 1141 1003 1202 contendendum
1033 1141 1106 1214 plurn
1123 1143 1259 1204 costilata
1278 1092 1376 1216 luerit,
1400 1143 1446 1201 sed
1464 1145 1580 1202 omnino
1596 1145 1705 1216 duplum
1723 1149 1852 1206 excedere

171 1229 272 1290 ,poten
287 1221 316 1278 dt
332 1213 427 1280 donn
445 1219 554 1284 impune
571 1211 642 1290 lieri,
657 1209 762 1271 &falli
780 1210 1003 1284 nudiobligatie
1033 1220 1171 1284 potuerita
1189 1215 1255 1272 dnm
1272 1231 1288 1272 a
1305 1213 1457 1274 iustiniano
1473 1215 1581 1272 demum
1607 1213 1749 1274 indudium
1778 1215 1851 1287 suit,

185 1305 234 1346 nes
252 1289 290 1342 ira
327 1304 362 1346 ne
379 1283 500 1358 negligi,
516 1283 583 1342 dum
602 1283 631 1338 in
649 1277 834 1340 contradibus
853 1279 946 1342 dolum
963 1277 1005 1340 fa·
1033 1302 1068 1344 ne
1085 1285 1114 1344 id
1131 1285 1203 1358 quod
1220 1289 1351 1354 interest,
1369 1289 1399 1343 in
1417 1283 1525 1342 casibus
1548 1286 1629 1344 certis
1645 1286 1755 1354 duplum
1773 1308 1788 1347 e
1807 1309 1852 1346 re-

175 1357 270 1417 ciens,
299 1353 425 1416 odiumne
442 1355 544 1414 nudmn
562 1351 635 1420 haud
644 1353 803 1425 adimplens,
821 1371 878 1411 non
888 1353 918 1410 in
929 1351 1004 1412 aliud
1032 1353 1134 1427 diatur,
1152 1373 1196 1424 per
1213 1353 1240 1412 a.
1258 1355 1277 1411 l.
1296 1357 1366 1428 unic.
1386 1355 1413 1410 C.
1432 1354 1539 1412 deserar.
1558 1372 1665 1428 quapro
1683 1378 1712 1413 eo
1728 1378 1777 1430 quo
1810 1364 1851 1414 in-

185 1444 267 1500 quam
284 1426 380 1497 quanti
397 1423 674 1488 adversariiinterest
691 1423 814 1482 damnari
827 1422 908 1483 solet.
926 1419 1003 1551 puin
1031 1440 1121 1483 resen.
1139 1421 1234 1484 Minus
1251 1440 1360 1496 movet,
1389 1427 1460 1496 quod
1477 1443 1510 1484 ea
1536 1429 1643 1485 ratione
1670 1425 1728 1486 fieri
1747 1431 1851 1499 possit,

184 1499 254 1569 imo,
271 1499 329 1568 pari
348 1493 406 1566 iure
424 1492 533 1564 dixeris,
551 1495 729 1568 venditorem,
746 1495 793 1564 qui
800 1492 866 1552 dolo
882 1509 926 1550 ma
938 1493 1004 1554 ofe-
1032 1497 1200 1555 venditorem
1215 1512 1248 1554 ex
1266 1513 1313 1554 sua
1333 1493 1444 1566 perfidia
1463 1495 1567 1554 lucrum
1584 1497 1703 1562 seritire.
1719 1511 1850 1556 emtorem

180 1567 239 1639 cit,
256 1584 311 1637 quo
328 1568 417 1624 minus
435 1580 492 1624 rem
510 1563 619 1628 tradere
637 1580 744 1634 posset,
760 1564 825 1622 dum
843 1563 920 1622 illam
936 1582 1003 1622 con·
1032 1583 1097 1624 sero
1115 1565 1215 1626 batere
1233 1572 1263 1624 in
1281 1567 1397 1636 danmo,
1423 1569 1446 1622 si
1474 1565 1545 1626 forte
1569 1585 1610 1626 res
1636 1574 1724 1625 aureis
1740 1585 1851 1627 centum

184 1631 268 1712 fregit
286 1634 420 1704 consulo,
438 1633 481 1694 vel
498 1635 528 1690 in
541 1651 616 1692 mare
633 1633 741 1706 abjecit,
759 1635 802 1692 vel
811 1633 894 1694 alteri
906 1649 1003 1710 postea
1030 1637 1129 1696 emtori
1146 1634 1378 1706 primodistradia
1395 1635 1520 1708 deinceps
1547 1643 1674 1695 trecentis
1691 1651 1739 1696 aut
1764 1639 1850 1710 pluris

183 1708 310 1768 uendidit
329 1705 495 1778 aetrtdidit,
514 1709 623 1774 impune
632 1704 711 1764 fidem
730 1702 866 1778 frangere,
883 1723 946 1764 curu
971 1725 1005 1765 o-
1031 1707 1113 1765 vendi
1131 1720 1226 1778 potest,
1243 1721 1296 1779 quo
1314 1720 1405 1766 tamen
1423 1723 1491 1765 casu
1505 1723 1618 1766 emrora
1637 1709 1849 1768 venditorenon

181 1777 290 1840 mnibus
306 1780 391 1838 etiam
407 1775 630 1838 dissentientibus
638 1773 751 1846 placeat,
762 1774 913 1834 hocomnes
929 1775 1002 1836 adid
1021 1775 1102 1842 ¹ultra
1118 1777 1240 1848 duplum,
1259 1776 1378 1846 adeoque
1387 1795 1443 1834 non
1462 1776 1533 1836 nltra
1543 1780 1674 1839 ducentos
1692 1796 1786 1839 aureos
1795 1798 1847 1838 no·

180 1849 253 1918 quod
271 1849 383 1910 interest
402 1863 459 1906 rem
476 1847 607 1904 traditam
624 1863 680 1904 non
698 1864 764 1916 esse,
780 1857 905 1916 oportere
923 1847 1001 1906 &nte
1030 1849 1104 1906 mine
1120 1845 1177 1918 ejus
1194 1845 1265 1917 quod
1283 1850 1394 1910 interest
1411 1860 1626 1920 consequeretur,
1645 1847 1747 1907 danic.
1766 1851 1795 1907 C.
1814 1851 1847 1907 de

179 1919 251 1977 aeri.
269 1915 383 1980 Frustra
392 1933 497 1992 quoque
506 1915 679 1983 obtenditur,
697 1915 823 1975 adverstu
832 1917 1002 1976 venditorem
1029 1932 1094 1978 sent.
1112 1935 1167 1988 qaae
1184 1933 1227 1987 pro
1244 1937 1274 1972 eo
1291 1916 1360 1988 quod
1374 1919 1490 1974 inseror.
1508 1915 1621 1976 Etenim
1663 1933 1711 1977 sut
1727 1932 1848 1993 tempore

178 1983 365 2050 refradlarium
383 2001 506 2060 paratam
523 2005 579 2046 esse
600 1985 767 2044 ablationem
784 2003 867 2046 manu
884 1985 1001 2048 militari
1029 1988 1197 2048 venditionis
1214 2005 1256 2044 res
1273 1988 1361 2046 aureis
1378 2000 1488 2046 centurn
1505 2001 1577 2045 emta
1597 1959 1706 2049 valebat
1721 1995 1850 2048 trecentis

179 2057 342 2131 faciendam,
359 2076 413 2131 quo
430 2054 494 2128 fiet,
512 2070 544 2114 ut
561 2069 650 2119 emtor
676 2072 790 2114 vacuam
807 2059 1001 2128 possessionem
1028 2071 1106 2130 atque
1125 2071 1190 2115 tunc
1201 2055 1327 2115 venditor
1346 2075 1402 2114 non
1412 2069 1470 2116 tam
1487 2055 1623 2124 prestabit
1632 2061 1728 2117 emtori
1738 2062 1766 2119 id
1775 2063 1848 2134 quod

177 2120 259 2202 etipue
276 2133 315 2188 ita
332 2128 491 2188 traditionis
507 2123 632 2186 eii'edlum
648 2139 844 2200 consequatur,
860 2128 880 2185 l.
897 2129 943 2201 qui
958 2150 1000 2186 re·
1027 2131 1152 2200 interest,
1174 2144 1253 2198 quam
1263 2128 1351 2196 potius
1369 2133 1424 2198 ipse
1433 2127 1595 2188 desiderabit
1606 2129 1721 2200 suppleri
1731 2133 1852 2200 pretium

178 2197 340 2260 triturandi.
349 2197 392 2284 ff.
403 2198 485 2259 darei
494 2198 590 2255 vindic.
611 2194 732 2258 Penitius
749 2199 826 2256 enirn
841 2198 999 2258 attendenti
1028 2199 1072 2258 vel
1090 2215 1147 2256 rem
1165 2199 1283 2268 restitui,
1301 2201 1364 2266 quia
1379 2197 1456 2256 lesio
1474 2195 1547 2256 ultra
1564 2199 1708 2258 dimidium
1725 2213 1776 2270 est,
1792 2201 1809 2256 l.
1820 2216 1846 2258 a.

177 2288 214 2340 ap
232 2269 330 2342 trebi,
346 2289 376 2326 rn
394 2270 422 2330 A.
440 2268 457 2324 l.
475 2265 518 2328 68.
538 2265 709 2326 ablationem
725 2284 808 2330 manu
825 2267 998 2330 militariad-
1027 2270 1054 2325 C.
1073 2267 1107 2324 ds
1124 2267 1234 2325 sercind.
1254 2267 1330 2326 vend.
1348 2279 1397 2326 ant
1422 2287 1456 2326 ex
1479 2267 1613 2340 adverso,
1640 2287 1703 2328 cnm
1728 2283 1849 2341 tempore

179 2339 211 2398 lei
246 2341 270 2397 ri
305 2353 336 2400 ut
355 2361 395 2401 res
412 2341 506 2406 iniquo
524 2357 556 2394 ac
573 2344 728 2396 contumaci
746 2335 878 2398 subduiia
897 2357 998 2410 posses·
1027 2337 1181 2402 contradlus
1200 2355 1255 2412 non
1272 2335 1359 2406 pluris
1386 2337 1510 2396 valuisset
1538 2341 1740 2410 ree,vendita,
1767 2358 1849 2414 quam

176 2416 234 2470 sori
248 2383 286 2470 ad
302 2430 394 2471 vernn
413 2412 554 2470 dontinum
569 2421 744 2490 serenatur,
760 2415 838 2482 eique
856 2427 935 2468 snum
950 2410 998 2468 de-
1026 2416 1123 2480 quanti
1140 2407 1271 2468 etnraua
1287 2419 1365 2480 erat,
1383 2405 1462 2467 anilo
1480 2422 1570 2478 postea
1588 2413 1676 2478 pretio
1692 2418 1772 2483 coepit
1791 2427 1848 2476 tre·

178 2477 308 2540 fendatur
324 2478 546 2554 potentissimum
561 2479 679 2560 dominii
705 2497 763 2547 Jus3
792 2495 904 2549 quorum
926 2477 999 2540 nihil
1026 2483 1115 2538 centis
1134 2479 1241 2551 valere,
1259 2497 1292 2537 ac
1309 2495 1342 2536 eo
1358 2497 1421 2554 casu
1439 2491 1538 2552 totum,
1555 2481 1654 2554 quanti
1671 2483 1783 2540 emtoris
1801 2490 1846 2542 in·

175 2551 207 2608 in
225 2557 345 2611 untione
361 2557 534 2622 contingeret
543 2565 589 2619 per
606 2547 774 2606 ablationem
783 2567 875 2606 manu.
884 2547 998 2608 militari
1027 2563 1118 2623 terest,
1135 2563 1216 2623 atque
1234 2551 1302 2610 adeo
1319 2553 1401 2608 etiarn
1421 2549 1585 2620 triplicatum
1596 2553 1711 2620 pretium
1727 2553 1847 2612 emtione

177 2617 290 2695 fetam,
306 2623 372 2682 dum
387 2641 430 2684 res
449 2637 515 2678 vero
531 2615 686 2678 auferretur
704 2621 833 2689 domino,
859 2636 891 2676 ac
909 2623 997 2680 domi-
1024 2637 1188 2692 expressum,
1207 2619 1333 2680 venditor
1342 2633 1465 2690 prestare
1474 2619 1673 2689 compellendus
1684 2619 1769 2690 soreta
1781 2625 1847 2697 quia

176 2694 258 2752 nium
273 2689 333 2764 ejus
350 2691 517 2753 tribueretur
533 2693 578 2760 el,
604 2693 650 2764 qui
668 2691 794 2748 dominus
811 2707 867 2747 noo
884 2705 934 2748 eat.
952 2690 998 2750 Ne
1025 2689 1094 2750 illud
1110 2693 1238 2748 interesse
1258 2687 1318 2748 fluit
1334 2708 1370 2746 err
1389 2690 1492 2748 incerta
1510 2709 1588 2750 causa
1618 2692 1845 2752 incrementosci-

173 2763 274 2836 alicam,
291 2763 460 2826 ablationem
468 2771 497 2816 at
524 2817 527 2824 ,
565 2757 773 2839 translationem
787 2760 996 2844 doratiniiado-
1025 2759 1091 2818 licet
1109 2763 1214 2818 incerto
1233 2762 1421 2820 estimationis
1437 2768 1563 2830 temporis
1582 2734 1735 2833 litturipost
1749 2765 1845 2824 vendi·

179 2835 258 2894 mino
274 2835 307 2891 in
323 2833 409 2894 alium
425 2831 484 2902 jure
549 2847 631 2888 mano
650 2830 779 2900 ludicium
805 2832 834 2890 dr
852 2843 994 2903 rnagutra·
1025 2834 1150 2900 tionem,
1179 2831 1244 2890 dum
1261 2837 1402 2900 prasentia
1429 2833 1536 2902 quidem
1554 2849 1646 2890 rerum
1664 2840 1748 2903 pretia
1769 2849 1845 2896 certa

174 2915 255 2962 tuum
272 2905 476 2964 ordinariorum
492 2901 634 2965 excessisse
652 2909 833 2974 potestatem,
858 2916 893 2958 ac
915 2900 996 2960 soluts
1024 2917 1096 2971 sunt,
1115 2897 1207 2960 fertura
1227 2917 1282 2959 non
1300 2907 1386 2968 iterna
1404 2901 1434 2958 in
1452 2899 1559 2960 casibus
1577 2919 1640 2960 vero
1650 2906 1760 2960 incertis
1773 2919 1844 2962 ¹con-

174 2971 316 3045 Principis.
327 2989 377 3034 aut
394 2975 459 3046 legis
478 2976 511 3036 id¹
526 2971 621 3030 fuisse:
640 2972 824 3044 usqueadeo,
842 2983 875 3030 ut
891 2988 927 3030 ne
944 2971 995 3047 lay·
1022 2972 1167 3030 demnatio
1185 2973 1214 3027 in
1233 2971 1260 3029 id
1278 2972 1349 3041 qmd
1368 2977 1476 3030 interest
1488 2975 1561 3030 intra
1578 2972 1652 3041 drapli
1662 2978 1845 3044 quantitatem

224 3041 333 3103 becario
350 3047 459 3118 quidem
474 3045 612 3112 creditori,
632 3046 768 3111 potentius
787 3043 815 3100 in
834 3046 945 3114 pignore
953 3040 994 3111 ius
1023 3039 1161 3100 coarblata
1180 3053 1304 3112 nonest,
1321 3041 1381 3100 dl.
1398 3065 1424 3107 n.
1435 3045 1463 3098 C.
1482 3043 1514 3097 de
1528 3060 1594 3122 rent.
1613 3061 1721 3114 qaaepro
1738 3065 1766 3100 ee
1776 3043 1847 3116 parad

196 3113 293 3172 abenti
383 3132 410 3170 m
426 3127 514 3174 emtor
529 3123 607 3174 emta
635 3114 676 3168 rei
692 3127 723 3170 ac
746 3113 862 3171 necdum
901 3113 996 3174 rodite
1023 3116 1141 3180 interest.
1160 3109 1233 3172 Leve
1251 3113 1359 3180 insuper
1375 3126 1425 3180 est,
1442 3115 1514 3182 quod
1529 3125 1617 3184 aput,
1636 3131 1725 3183 parem
1733 3116 1844 3172 sutoris

174 3186 278 3248 intuitu
297 3131 399 3252 ltaliae,
417 3198 514 3255 pretor
531 3183 682 3242 dominium
701 3187 840 3256 pignoris,
920 3199 995 3242 orem
1022 3201 1055 3242 ac
1071 3184 1222 3242 venditoris
1229 3181 1421 3255 obligationem
1431 3202 1503 3252 esser
1521 3199 1652 3241 tortorem
1664 3186 1772 3254 precise
1779 3187 1843 3255 cogi

154 3282 156 3286 ¹
173 3267 235 3314 toto
253 3253 364 3314 biennio
382 3254 454 3315 leand
472 3255 650 3323 invenientis,
669 3253 794 3314 addicere
802 3259 931 3328 potuerit,
946 3255 994 3312 sed
1023 3265 1053 3312 ut
1071 3255 1186 3321 pretium
1204 3251 1302 3325 solvat,
1319 3255 1489 3312 venditorem
1504 3253 1844 3326 ergocompellendumvi·

172 3323 245 3386 nitar
266 3325 344 3382 Princ
391 3325 435 3400 ,d
455 3328 505 3383 ult.
522 3323 550 3381 C.
569 3323 678 3395 dejure
697 3323 796 3382 dernier.
815 3326 919 3396 impres.
945 3341 994 3382 nec
1022 3325 1112 3382 cissim
1120 3337 1151 3382 ut
1168 3339 1226 3382 rem
1235 3328 1341 3393 precise
1349 3325 1440 3382 tradat
1452 3332 1561 3382 emtori.
1582 3323 1843 3384 Diversitatisnam·

173 3393 356 3466 stupratori
423 3395 776 3472 competieritpermanum
790 3396 993 3464 militaremin-
1022 3413 1074 3468 pare
1093 3399 1164 3454 ratio
1181 3399 1211 3451 in
1228 3405 1336 3464 coest,
1355 3395 1427 3464 quod
1443 3413 1472 3450 re
1490 3412 1545 3452 non
1565 3396 1667 3452 tradita
1697 3397 1727 3454 in
1754 3393 1844 3452 locum

172 3461 266 3526 dodilo
282 3471 312 3526 in
331 3468 537 3539 possessionem,
556 3483 638 3541 quam
655 3484 714 3535 que
732 3467 867 3524 missionis
886 3469 914 3522 in
933 3481 993 3535 pos-
1022 3461 1078 3530 eius
1095 3463 1250 3522 subintrare
1301 3469 1349 3522 ssit
1365 3464 1503 3538 praestatio
1520 3461 1577 3536 ejus
1594 3465 1665 3538 quod
1684 3463 1843 3536 interese&

172 3539 318 3597 numerem
335 3538 441 3598 tuende
458 3541 548 3612 gratia
575 3534 819 3606 interponebatur,
844 3536 995 3595 dominium
1022 3537 1063 3594 eei
1080 3537 1162 3605 ipsius
1180 3539 1241 3592 vice
1269 3539 1352 3608 ungia
1371 3536 1491 3602 atprecii
1510 3540 1681 3604 senpecuniae
1698 3549 1845 3595 numeratae

172 3605 455 3678 nenmnrnindutio
472 3609 604 3678 tribuens,
621 3607 788 3666 sedtanttam
805 3606 993 3665 detentionem
1022 3605 1112 3662 vicem
1129 3604 1253 3676 supplere
1270 3617 1385 3673 nequeat
1404 3607 1432 3666 id
1446 3605 1518 3674 quod
1537 3607 1659 3674 interest,
1677 3621 1738 3664 cum
1747 3607 1843 3664 omnia

173 3677 229 3734 dri
240 3681 298 3749 qais
316 3675 449 3738 missar&
462 3677 586 3750 fflsrevir
595 3677 689 3748 fiatri,
707 3680 994 3750 quiinpmmmiss.
1021 3677 1132 3734 estimet
1151 3677 1275 3744 pecunia,
1294 3692 1308 3732 a
1329 3674 1408 3732 nullo
1424 3679 1580 3744 aestimetur,
1598 3693 1658 3745 nec,
1676 3677 1840 3735 utiaestima·

173 3750 235 3816 erit,
251 3747 272 3802 l.
280 3747 401 3880 effante
417 3753 452 3808 sr't
466 3747 507 3808 15.
515 3744 543 3822 β
561 3746 607 3805 ubi
622 3763 718 3804 autem
728 3743 771 3802 23.
783 3743 822 3817 ffl
841 3745 877 3803 de
892 3745 995 3804 damno
1021 3747 1259 3817 ueteremque
1277 3750 1373 3804 mercis
1390 3761 1505 3818 numero
1521 3743 1666 3818 habentne,
1685 3749 1713 3802 in
1728 3752 1842 3816 pecunia
1939 3763 1943 3772 ’

172 3813 280 3888 idalio.
327 3838 365 3879 on
382 3818 730 3888 etiamadversatur,'quod
739 3821 867 3876 interesse
876 3821 992 3888 ne'qtrcm
1021 3826 1161 3876 ntmrerata
1180 3811 1237 3872 ieri
1256 3827 1351 3884 potest,
1373 3815 1533 3885 itapecunia
1550 3835 1586 3885 qu
1623 3833 1754 3874 uenterce
1768 3820 1841 3876 esti-

169 3887 283 3959 neptun
300 3895 440 3964 excedere,
455 3890 474 3947 Ι.
485 3892 556 3948 une.
567 3889 596 3946 C.
616 3889 649 3943 da
664 3903 729 3945 rent.
748 3907 805 3960 que
818 3903 864 3956 pro
881 3887 998 3959 eoquod
1020 3887 1120 3944 manda
1137 3888 1184 3954 sit,
1201 3885 1221 3942 l.
1240 3887 1264 3941 η’
1281 3888 1322 3942 ira
1332 3882 1517 3959 filejurrorem
1534 3884 1577 3952 da.
1621 3927 1628 3942 .
1645 3883 1677 3942 de
1687 3883 1840 3958 fidejussor.

170 3959 281 4017 imma
290 3957 430 4033 feramus,
446 3963 475 4020 u
492 3975 585 4026 tamen
597 3959 725 4017 venditor
744 3975 778 4016 ne
789 3956 873 4026 duplo
882 3958 992 4040 quidem
1020 3953 1089 4015 Non
1107 3953 1203 4014 obstat
1220 3955 1344 4028 denique,
1362 3957 1433 4028 qnod
1451 3951 1563 4012 al'anlo
1572 3958 1701 4024 scriptun
1718 3971 1842 4030 ernam

171 4029 263 4102 exotio
279 4030 374 4090 oblato
389 4029 425 4103 ab
443 4033 565 4088 emtione
581 4031 664 4096 possit
683 4025 795 4103 resilire,
811 4040 860 4086 aut
876 4045 934 4100 epus
946 4039 992 4098 pei
1019 4026 1066 4097 qui
1080 4027 1201 4081 alienam
1219 4045 1276 4080 rem
1291 4024 1464 4097 vendiderit,
1482 4024 1515 4087 Θ
1534 4025 1621 4083 medio
1636 4042 1750 4096 tempore
1767 4027 1840 4086 darer

170 4112 232 4159 nere
247 4103 451 4170 minionem,
474 4101 565 4158 anon
579 4113 618 4154 ert
635 4097 663 4156 6.
681 4100 709 4155 C.
727 4100 759 4152 de
776 4097 887 4155 meinai.
914 4097 992 4156 nand
1019 4093 1126 4153 damino
1140 4095 1181 4150 ,rei
1198 4097 1313 4154 extiterit
1351 4095 1492 4170 cogendam
1510 4098 1621 4166 implere
1643 4098 1840 4169 venditionem,

172 4170 243 4244 apia
259 4173 335 4231 enin
353 4171 372 4229 l.
388 4171 415 4231 6.
432 4171 468 4230 de
492 4186 574 4238 essu,
603 4185 657 4238 quo
681 4165 836 4226 conrnune
857 4168 993 4236 utrinque
1020 4165 1084 4222 dri
1100 4168 1158 4238 quei
1172 4164 1295 4222 alienaris
1347 4164 1472 4237 ‚ffibe
1491 4182 1549 4234 quae
1565 4167 1671 4227 coadiio
1688 4168 1723 4232 ad
1742 4167 1839 4238 imple.

169 4239 229 4314 inm
246 4241 373 4314 impletus
388 4253 449 4299 etat
465 4241 615 4299 traditione
633 4239 671 4295 rei
689 4241 717 4298 de
734 4239 991 4307 pretiinutneratio·
1019 4247 1141 4293 mentem
1160 4233 1307 4296 excludere
1321 4237 1431 4302 videtur
1448 4235 1639 4294 liberatiorem
1664 4255 1712 4306 per
1721 4253 1840 4319 ,presta-

56 4315 67 4332 ⁸
170 4329 224 4381 nea
240 4331 256 4370 a
274 4330 329 4388 quo
345 4311 459 4383 proinde
476 4309 563 4370 recedi
581 4323 638 4366 non
657 4321 775 4380 poterat,
792 4309 848 4368 nisi
863 4321 936 4366 nona
947 4311 991 4366 in·
1019 4309 1120 4366 tionem
1137 4303 1281 4376 epunuod
1298 4310 1418 4378 interest,
1438 4307 1533 4378 quippe
1550 4308 1585 4364 ad
1603 4326 1683 4376 qnam
1702 4308 1840 4379 crusquod

170 4389 305 4452 resposita
321 4383 491 4454 venditione,
507 4380 526 4437 l.
544 4377 580 4436 ab
598 4381 713 4436 emtione
728 4375 770 4436 ὦ.
780 4373 822 4450 ff.
840 4378 876 4436 de,
888 4379 991 4449 paliis,
1019 4381 1130 4434 interest
1147 4374 1311 4456 solutionem
1328 4379 1456 4436 venditor
1472 4383 1557 4435 etiarn
1582 4389 1647 4436 ante
1664 4380 1839 4446 impetratum

170 4453 208 4512 ad
225 4469 307 4516 utem
323 4453 359 4511 de
374 4469 447 4536 novo
464 4450 617 4534 ineundam
634 4450 737 4508 invitus
753 4465 836 4534 uento
850 4447 992 4536 compelli·
1018 4446 1189 4504 srccmsionis
1207 4463 1266 4516 pure
1283 4448 1439 4505 dominium
1456 4443 1683 4538 denudarent,
1701 4447 1720 4504 l.
1738 4469 1840 4535 sessor,
1878 4501 1886 4509 ,

170 4538 233 4652 aa
246 4542 299 4652 rr
313 4520 393 4650 aa:
408 4517 617 4649 arnul
635 4515 991 4648 sulm
1018 4510 1838 4674 taentntdtrsuaraernmaar

172 4665 351 4736 apponitur,
368 4663 433 4735 quia
450 4679 509 4742 non
527 4673 613 4732 potest
630 4655 720 4730 offerri
734 4675 848 4731 pratum
865 4659 990 4731 deplere,
1018 4658 1171 4742 donnniunt
1188 4671 1253 4716 nata
1270 4673 1331 4716 erat
1348 4675 1382 4743 erc
1394 4659 1562 4744 venditione,
1575 4655 1684 4741 'lirnuri
1698 4666 1840 4734 maginper

170 4736 228 4792 nisi
244 4732 281 4807 ab
297 4751 347 4804 eo,
363 4733 412 4808 qni
428 4733 458 4794 id
474 4749 528 4803 pam
545 4734 654 4801 recepit.
673 4727 842 4816 Supponinn
857 4732 886 4790 dt
904 4729 990 4789 tradi·
1013 4737 1250 4798 ,supervenrentem
1268 4739 1439 4797 proprietatis
1456 4731 1685 4813 aennurtronernp
1702 4733 1771 4790 adeo
1788 4745 1819 4789 ut
1829 4769 1844 4806 ,Ἴ

171 4805 225 4884 elo,
240 4809 312 4878 qula,
329 4809 360 4866 ai·
371 4803 499 4865 venditor
516 4801 633 4862 necdum
641 4799 811 4874 tradidisset,
825 4817 990 4882 mperracua
1019 4815 1082 4857 mnu
1097 4810 1179 4858 antea
1195 4798 1330 4860 tradendo
1345 4817 1405 4858 non
1420 4799 1583 4869 dommum,
1601 4801 1650 4860 sed
1659 4811 1769 4861 tautum
1779 4817 1840 4870 pos·
