3994 5348
630 237 696 317 Qui
713 235 847 316 potiores
863 233 896 294 io
915 230 1050 310 Pignore
1067 235 1117 296 oei
1132 229 1189 296 isc·
1422 253 1426 266 ¹
1651 221 1724 311 adi

129 325 185 414 ipse
201 331 300 384 noram
320 327 419 384 ficeret
444 341 477 382 et
496 321 551 392 iure
576 322 695 398 pigrioris
722 328 935 394 persecutionem.
966 319 1075 389 iussores
1091 321 1146 390 eius
1163 339 1197 377 an
1217 324 1328 393 pignora
1354 332 1479 378 excutere
1506 319 1604 391 vellet,
1629 337 1768 392 mopiam

130 399 194 455 bive
210 403 280 454 enim
298 400 485 470 ignoraverit,
503 397 576 452 litem
603 396 720 452 debitori
745 393 936 472 conscinde
965 397 1035 460 prius
1052 391 1187 448 debitores
1204 405 1342 467 presentes
1365 391 1616 448 denuntiationibus
1642 394 1769 450 conventi

129 469 246 538 pignoris
256 473 372 534 propriet
381 480 420 521 ire
431 466 604 533 intercedere,
613 470 767 536 ignorantia
778 469 803 520 ei
814 480 851 528 tus
859 479 935 520 suurn
964 466 991 518 iit
1010 467 1047 516 ita
1067 479 1121 516 noo
1140 463 1332 518 sotislacientes
1350 461 1379 514 in
1400 477 1474 516 mora
1490 464 1631 518 constituti
1648 475 1730 530 sum,
1749 461 1767 518 l.

129 536 226 609 egendi
244 536 348 593 abunde
367 538 502 599 tresbitur3
521 541 576 590 sire
593 552 687 592 contra
704 535 824 601 sciverit,
842 534 869 589 id
888 534 932 656 effi
964 533 1135 601 pertractione
1152 530 1193 598 ad.
1212 531 1239 584 C.
1257 529 1289 582 de
1306 532 1396 601 pignos.
1416 531 1450 590 (ry
1467 530 1565 599 hypotb.
1584 528 1664 595 iunii.
1685 533 1703 586 l,
1722 529 1768 585 des
1843 574 1845 584 ,

128 604 300 677 adebitore,
317 607 392 672 culpa
412 618 500 660 tmen
519 619 611 674 caret,
639 606 703 660 dum
721 605 775 668 ipse
802 619 887 670 neque
922 625 935 656 e
964 597 1055 654 bitom
1073 617 1111 655 ro.
1130 600 1157 656 C.
1173 598 1264 656 cod&
1281 617 1311 654 es
1331 598 1425 656 cletiro
1441 604 1522 656 etiam
1541 619 1604 656 omn
1624 599 1677 663 iure
1696 615 1768 657 novo

128 679 290 744 proprietate
309 695 353 742 pet
371 677 408 728 rei
429 675 640 730 vindicationem
658 689 703 729 aut
723 671 879 728 hereditatis
888 689 932 738 pe·
965 672 1139 738 remanserit,
1156 671 1262 734 quoties
1278 675 1329 736 ipse
1346 668 1456 724 debitor
1473 676 1554 725 etiam
1572 669 1648 726 simul
1666 689 1707 726 res
1727 671 1768 740 pi·

128 746 256 802 titionem
272 745 434 800 contendere
451 761 513 799 cum
529 757 656 802 ertranco
675 758 820 808 possessore
838 743 936 808 potuit,
965 755 1090 805 enotatas
1107 751 1200 803 tenete
1217 737 1284 794 adeo
1303 753 1331 793 ut
1351 755 1404 792 non
1423 736 1637 796 eleblionednius
1655 737 1767 797 aelionis

128 833 161 871 ne
181 834 213 872 ue
231 820 426 882 possessionem,
444 829 524 880 quam
538 815 642 870 debitor
658 811 861 868 sibisecundum
885 809 932 878 hy·
964 809 1007 863 sed
1024 808 1131 863 demum
1147 808 1286 877 solutione,
1304 804 1408 873 relique
1426 813 1544 878 pereant,
1561 809 1580 874 l,
1591 829 1663 882 grege
1684 807 1722 865 13.
1740 802 1765 880 §s

127 899 171 952 pot
193 903 242 940 ece
262 898 387 938 natatem
406 899 597 950 reservaverat,
616 901 631 935 a
648 884 862 948 tertioaeocare,
880 885 932 936 nisi
959 875 1079 944 etiami.
1091 874 1351 949 ffldrpigo.ixibyp.
1368 892 1468 948 tameo,
1486 883 1532 934 sia
1551 885 1632 935 tectio
1649 877 1765 936 rcscbli-

128 965 267 1020 postquam
284 951 391 1009 debitor
411 959 436 1006 in
458 969 529 1006 niara
548 952 669 1008 solvendi
688 971 742 1007 „sse
755 952 842 1017 caepit,
860 948 933 1006 &ob
960 961 1023 1016 gata
1041 947 1214 1014 possideatur,
1232 962 1247 1000 a
1264 945 1413 1004 lusiniano
1427 954 1604 1004 constitutum
1620 961 1669 1016 est,
1686 967 1765 1006 extu

127 1023 156 1079 id
173 1022 295 1078 executio
313 1024 432 1093 pignoris
451 1017 571 1078 facienda
591 1036 645 1086 ests
662 1022 684 1075 si
703 1036 791 1076 tamen
812 1037 865 1074 non
876 1035 932 1072 mo-
962 1019 1084 1072 tiendum
1099 1034 1155 1071 esse
1173 1019 1243 1084 prius
1260 1014 1446 1074 debitorem&
1463 1013 1699 1088 fidejussoreseirm,
1716 1036 1766 1074 an-

99 1137 102 1142 .
125 1092 296 1158 desciverit,
314 1091 388 1146 litem
406 1092 523 1146 debitori
535 1105 641 1150 motam
659 1109 713 1146 esse
729 1091 810 1148 sed&
828 1088 870 1144 liti
885 1091 932 1145 ad-
963 1101 1070 1156 tequam
1086 1087 1179 1140 tertios
1195 1089 1311 1156 pignoris
1327 1103 1458 1164 possessor
1472 1089 1656 1158 conveniatur,
1674 1089 1765 1144 novell.

128 1160 240 1228 stiterit,
258 1158 370 1215 dubium
387 1180 443 1216 esse
462 1179 515 1216 non
535 1174 628 1228 potest,
648 1163 712 1226 quin
730 1171 795 1214 tunc
812 1162 837 1214 ei
856 1162 931 1212 noci-
962 1153 985 1222 d.
996 1171 1052 1222 cap.
1064 1154 1228 1222 iconicos.
1239 1151 1320 1223 Quod
1337 1161 1364 1211 dt
1382 1173 1414 1210 ex
1433 1163 1581 1222 rur-eveteri
1597 1157 1765 1224 peculiariter

125 1241 186 1284 tura
203 1247 305 1298 quilque
323 1231 357 1282 sit
376 1229 509 1285 sententia
527 1242 621 1284 contra
640 1227 788 1285 debitorem
815 1227 888 1297 lata,
914 1230 931 1282 l.
962 1227 1115 1291 rescriptum
1123 1219 1176 1279 suit
1187 1230 1214 1278 io
1224 1240 1299 1292 casu,-
1313 1241 1365 1292 quo
1377 1223 1445 1278 bona
1462 1222 1639 1282 coodadiricis
1649 1225 1715 1283 redii
1736 1245 1765 1280 a·

125 1297 162 1352 ai
179 1314 309 1352 executori
326 1295 352 1364 4.
370 1293 397 1371 §.
417 1301 492 1368 idone
514 1301 535 1360 i.
553 1299 582 1377 ff
601 1297 631 1352 do
642 1303 723 1365 appel.
742 1299 777 1352 Et
795 1297 829 1353 de
845 1315 932 1354 eoca-
962 1293 1027 1349 lium
1037 1311 1083 1366 pro
1093 1297 1216 1360 pensione
1226 1289 1289 1346 fisco
1297 1312 1330 1348 ex
1341 1294 1397 1364 lege
1407 1291 1509 1350 desidia
1520 1311 1549 1348 ac
1560 1299 1587 1350 in
1599 1295 1684 1360 plures
1694 1243 1761 1352 ade-

1773 1225 1780 1250 b

14 1411 17 1418 .
76 1367 80 1372 “
124 1386 164 1436 au,
181 1385 234 1438 quo
251 1381 357 1424 tantum
378 1367 534 1438 hypotheca
554 1385 593 1433 tas
610 1368 736 1424 creditori
754 1372 931 1423 constitutum
962 1376 1026 1420 nata
1037 1361 1152 1430 fuerant,
1169 1377 1231 1416 cum
1248 1360 1509 1419 condientisheres
1526 1381 1572 1430 pro
1583 1363 1762 1436 reliquisiiscc

123 1451 190 1505 erat,
207 1435 316 1494 tradari
334 1454 349 1490 a
370 1436 516 1504 Papiniano
535 1441 563 1492 in
582 1441 599 1492 l.
619 1441 642 1492 ri
653 1453 793 1506 *superatos
809 1432 834 1494 ἆ
849 1432 883 1502 ffi
900 1435 932 1490 cie
960 1432 1090 1504 debitoris
1108 1433 1197 1488 idonei
1214 1443 1311 1501 essent,
1328 1434 1346 1487 l.
1365 1431 1531 1510 Morfbirdz
1544 1429 1580 1501 ff.
1593 1433 1759 1508 dcqoreficcc'

123 1505 243 1578 p'prorib.
263 1508 296 1566 io*
314 1505 405 1574 hypsei
434 1508 495 1562 inde
513 1504 604 1577 colligi
615 1520 710 1574 potet,
727 1507 796 1577 quod
807 1511 834 1560 in
852 1505 931 1564 esk-
963 1498 1027 1560 Non
1046 1515 1135 1557 tamen
1155 1499 1217 1556 buic
1245 1499 1310 1568 juris
1327 1503 1392 1556 novi
1410 1502 1581 1565 dispositioni
1602 1505 1761 1564 &ordinis

141 1574 280 1638 edebitor
297 1581 368 1632 inter·
384 1575 437 1628 alia
455 1582 537 1632 etiam
565 1578 652 1632 virius.
673 1575 769 1630 dicim
795 1575 931 1630 vindicam
962 1569 1092 1628 beneficio
1109 1569 1181 1624 locus
1192 1571 1297 1626 videtur
1307 1569 1502 1642 relinquendus,
1516 1579 1538 1627 si
1555 1579 1658 1643 tertius,
1675 1579 1760 1636 sciens

156 1643 306 1713 rediissem,
320 1663 353 1698 ac
371 1648 505 1714 asseritur,
516 1647 638 1710 ‚jotrum
657 1648 766 1703 aetioni-
784 1647 930 1716 Secvionae,
969 1645 1086 1711 pignoris
1103 1637 1246 1704 vinculum,
1263 1643 1358 1711 pignus
1377 1641 1552 1697 nihilominus
1569 1645 1683 1713 emerit,
1699 1661 1763 1702 cren

124 1714 238 1785 oglerio
256 1714 286 1768 dc
305 1713 446 1769 heredari
464 1716 537 1771 diris
548 1719 687 1784 sententia,
701 1718 930 1788 p'gcorirrauram
962 1714 1017 1779 iura
1035 1710 1153 1776 deceptis
1171 1725 1225 1763 non
1244 1709 1310 1764 item
1328 1710 1474 1765 scientibus
1490 1708 1630 1768 subvenire
1648 1730 1680 1768 ac
1698 1731 1758 1780 par-¹

124 1785 244 1848 inspicere
263 1783 369 1850 disses
387 1791 448 1854 quia
468 1784 522 1840 iteri
541 1795 637 1853 potest,
655 1799 684 1841 ut
704 1803 799 1853 pignus
816 1783 885 1844 reiis
894 1789 928 1840 sit
959 1797 1018 1835 cere
1034 1779 1150 1846 soleant,
1167 1795 1216 1834 nec
1233 1780 1256 1832 si
1274 1784 1367 1834 tertius
1375 1781 1570 1844 comparaverit
1580 1782 1688 1838 deinum
1704 1800 1763 1839 rein

29 1855 30 1858 ’
123 1865 282 1920 acceptum,
300 1873 348 1910 nec
367 1867 457 1910 tamen
476 1854 511 1908 ab
528 1872 560 1910 eo
576 1852 751 1910 desistetis
770 1852 835 1910 bcne
853 1860 929 1909 insti·
959 1846 1106 1919 obligatam
1124 1860 1181 1916 post
1196 1846 1272 1905 litem
1288 1849 1357 1905 dere
1366 1847 1484 1908 oblinata
1502 1865 1598 1904 contra
1607 1852 1758 1909 debitorem

123 1931 192 1978 tuta.
214 1925 277 1993 insa
294 1925 378 1992 enirn,
394 1924 512 1994 obsecro,
531 1927 635 1982 catione
644 1924 749 1980 debitor
757 1925 863 1989 concipi
872 1941 929 1992 pos·
959 1917 1011 1991 jam
1031 1915 1195 1985 inchoatam,
1212 1921 1368 1987 aspiceris.
1376 1905 1452 1987 ff&
1471 1917 1572 1974 cedde
1588 1919 1714 1993 litigiosis,
1732 1925 1765 1980 ec.

68 2037 71 2046 ,
123 2003 163 2047 set
177 2007 210 2048 et
229 1998 346 2060 pignoris
363 2011 441 2051 causa
463 1996 602 2052 tradidisse
618 1994 746 2052 creditori
764 2011 805 2048 res
824 1992 928 2060 heredi-
960 1988 1052 2043 morli.
1064 2001 1118 2042 tra.
1136 1999 1192 2053 cap.
1207 2003 1228 2040 s.
1243 1989 1272 2041 irs
1288 2001 1324 2054 pi.
1337 2005 1384 2044 nec
1401 1993 1424 2041 si
1441 1991 1636 2056 reciperatio
1652 1991 1757 2056 piscosi
1778 2023 1780 2026 -

123 2061 268 2128 eustasio
286 2080 396 2132 quarum
421 2063 748 2132 foss-essoneacquoenda
766 2062 929 2130 demurnpo·
959 2056 1077 2126 obligata
1095 2073 1111 2110 a
1129 2057 1212 2114 tertio
1229 2059 1407 2122 possideatur:
1427 2074 1482 2114 noo
1500 2059 1572 2113 enim
1591 2035 1761 2126 improbabi-

123 2141 179 2186 stea
198 2148 245 2197 per
262 2129 418 2188 hereditatis
435 2136 592 2199 petitionem
608 2147 734 2202 erperttts
748 2144 788 2190 est
805 2135 931 2192 adversus
959 2126 991 2181 lis
1007 2140 1046 2184 est
1064 2142 1155 2180 eorum
1174 2127 1276 2194 opinio,
1294 2129 1339 2196 qni
1358 2139 1466 2196 putant,
1481 2127 1610 2184 evodiam
1627 2126 1654 2197 4.
1665 2145 1720 2198 cop.
1732 2147 1760 2186 a,

124 2204 242 2267 tertium,
266 2213 393 2270 taoqisam
411 2222 460 2271 pro
476 2201 571 2261 herede
589 2198 688 2270 vel‘prb
705 2219 851 2270 possessore
869 2219 928 2269 pos-
959 2195 1092 2265 quandam
1107 2194 1194 2254 adhoc
1217 2195 1255 2250 ab
1269 2196 1331 2263 ipso
1342 2196 1555 2252 emendationem
1582 2215 1683 2264 pascant
1700 2217 1755 2256 csse

123 2267 274 2326 sidentem?
296 2269 402 2328 Diversa
420 2291 497 2330 causa
516 2289 564 2347 est,
582 2280 604 2330 si
623 2273 748 2330 creditori
763 2293 804 2329 res
821 2290 929 2328 excoo-
961 2285 1005 2335 per
1023 2285 1080 2322 non.
1102 2283 1161 2322 rra.
1179 2281 1235 2334 cop.
1256 2284 1279 2320 r.
1298 2286 1390 2336 versu,
1410 2281 1437 2319 ur
1457 2265 1600 2336 siquidem
1618 2270 1758 2339 speciales,

121 2337 210 2397 trabiu
229 2340 345 2411 pignoris
363 2343 464 2398 tradito
484 2341 585 2413 suerit,
611 2343 682 2410 isque
699 2344 822 2410 deinceps
839 2359 928 2409 passus
958 2337 1023 2392 dum
1042 2333 1080 2390 ibi
1096 2338 1246 2403 constituit,
1265 2354 1337 2404 resse
1354 2335 1459 2404 quidem
1475 2334 1625 2394 debitorem
1643 2341 1762 2412 perdere

121 2407 157 2464 sit
174 2409 269 2480 sciens,
286 2412 435 2468 debitorem
450 2413 484 2471 de
502 2415 619 2485 pignoris
637 2419 796 2478 proprietate
806 2427 865 2466 cum
883 2429 929 2468 ex·
959 2424 999 2462 res
1016 2404 1127 2462 mobiles
1137 2422 1182 2463 aut
1192 2403 1339 2464 immobiles
1356 2405 1678 2477 narniensimhypotlreca
1695 2427 1756 2479 sup·

122 2489 217 2534 tranen
235 2482 368 2554 emetiri,
383 2499 413 2536 ac
432 2482 585 2541 debitores
603 2488 630 2536 in
651 2481 700 2536 lite
725 2495 860 2548 superatas
877 2482 930 2535 sit:
959 2474 1066 2544 positas,
1083 2476 1129 2531 sed
1146 2483 1169 2532 si
1185 2475 1310 2532 creditori
1328 2493 1361 2532 ett
1379 2479 1464 2544 pretio
1483 2478 1601 2548 pignoris
1620 2497 1664 2544 per
1681 2477 1759 2537 debi-

122 2557 191 2603 tuuc
204 2549 278 2604 enim
295 2556 320 2606 ei
337 2553 433 2607 scienti
451 2561 583 2609 sententia
601 2555 669 2606 inter
688 2548 836 2607 debitorem
847 2553 873 2608 dr
884 2565 929 2608 es·
960 2556 1045 2601 torem
1061 2545 1195 2602 divenditi
1212 2541 1381 2602 satisiadium
1399 2565 1453 2601 non
1466 2541 1555 2615 fuerit,
1574 2546 1709 2602 licentiam
1727 2549 1758 2606 ei

123 2629 256 2674 craneum
272 2618 326 2674 lata
345 2618 515 2691 preiudicat,
541 2629 652 2692 quia‘er
671 2619 810 2677 voluntate
826 2615 882 2686 eius
897 2619 930 2674 dc
958 2625 1105 2682 competere
1122 2615 1278 2672 vindicandi
1301 2631 1361 2672 reos
1375 2616 1517 2671 venditam
1531 2614 1590 2671 sibi.
1601 2613 1757 2688 hypothecas

122 2681 186 2757 jure,
203 2689 272 2756 quod
289 2707 323 2745 err
344 2689 457 2758 persona
472 2695 578 2761 agentis
598 2689 703 2757 babuit,
721 2687 866 2756 iudicatum
880 2701 929 2754 ests
958 2685 1128 2754 suppositam,
1144 2687 1229 2741 donec
1248 2685 1274 2740 ei
1291 2688 1354 2740 satis
1371 2702 1419 2752 pro
1435 2682 1526 2740 debito
1546 2682 1601 2740 tce
1620 2686 1675 2744 Cui·
1689 2705 1757 2745 cen·

120 2761 253 2826 cumipse
270 2776 301 2814 ex
321 2757 392 2816 iadis
408 2761 459 2816 sibi
477 2763 598 2832 pignoris
616 2759 761 2815 traditione
789 2754 828 2826 jos
847 2762 929 2826 pessi·
958 2766 1142 2824 sequentes,
1161 2751 1264 2808 insola
1290 2754 1408 2824 generali
1427 2751 1577 2825 hypotheca
1600 2758 1761 2814 remansisse·

120 2825 201 2884 dendi
219 2828 337 2899 adeptus,
355 2831 417 2887 inde
436 2833 550 2898 potuerit
567 2832 649 2888 etiam
677 2831 801 2886 adsersus
819 2830 928 2883 tertium
959 2822 1016 2891 iure,
1030 2826 1173 2878 novissimo
1191 2823 1374 2879 occeoitctem
1383 2822 1534 2898 excutiendi
1543 2821 1687 2883 debitorem
1704 2843 1759 2880 on-

120 2900 167 2954 ῐθὶ
178 2913 351 2962 i>0ssessorem
368 2899 401 2956 de
418 2901 596 2969 recuperanda
606 2901 764 2967 possessione
778 2900 928 2954 amissaet-
959 2905 985 2947 te
1001 2894 1094 2946 tertios
1120 2893 1158 2948 rei
1174 2891 1334 2962 generaliter
1351 2893 1474 2976 obligate
1492 2908 1666 2959 possessores.
1684 2891 1754 2966 ,Nec
1772 2921 1776 2928 ¹

120 2967 200 3032 periri
218 2980 282 3023 ante
291 2968 452 3040 debitorem,
469 2971 597 3042 allegans,
614 2968 665 3027 sibi
682 2969 756 3024 deea
776 2967 939 3038 reprimam.
957 2961 1029 3017 deest
1046 2963 1164 3028 spetiosa
1181 2960 1302 3032 quedam
1318 2965 1477 3019 mutationis
1493 2963 1574 3032 ratio,
1590 2965 1664 3034 quod
1679 2979 1755 3019 nem-

120 3031 254 3094 efflnnem
272 3051 422 3106 competere
440 3053 487 3097 aut
505 3037 700 3107 defensionem,
717 3039 735 3093 l.
751 3049 816 3106 μρε
833 3039 936 3092 coorti·
958 3030 1131 3100 pe,veodita
1151 3047 1179 3086 re
1196 3032 1344 3097 specialiter
1360 3031 1498 3157 oblifata,
1524 3035 1608 3106 ntagis
1626 3047 1755 3090 noceatur

117 3101 263 3160 ru.·um63.
274 3106 313 3174 ff.
331 3107 364 3162 de
376 3127 403 3162 rr
413 3108 552 3180 judico-o,
571 3126 650 3180 qitam
667 3109 754 3178 legem
768 3108 801 3165 de
818 3109 929 3190 pignore
957 3100 1104 3169 creditori,
1128 3117 1184 3157 rem
1202 3099 1289 3156 aliam
1309 3099 1360 3156 sibi
1378 3101 1413 3158 o‘b
1427 3108 1525 3172 igatam
1543 3119 1596 3158 non
1626 3100 1759 3173 habenti,

119 3173 149 3228 in
168 3180 255 3242 specie
272 3178 513 3239 creditori-tradito
523 3181 705 3248 accipiendam
714 3195 781 3247 esse,
795 3181 929 3247 conticere
957 3185 1036 3237 quem
1052 3169 1158 3227 debitor
1174 3182 1298 3236 teneret3
1316 3177 1350 3226 its
1362 3171 1480 3242 generali
1498 3183 1587 3227 autem
1606 3169 1755 3242 hypotheca

118 3259 152 3304 ert
168 3261 201 3300 eo
218 3245 295 3316 licet,
328 3250 379 3306 uod
396 3251 522 3318 creditor,
540 3257 641 3317 patiens
649 3247 800 3306 debitorem
812 3247 926 3316 experiri
957 3241 1045 3296 omnis
1062 3239 1191 3304 debitoris
1208 3238 1279 3294 bona
1296 3238 1420 3297 <reinseri
1438 3243 1511 3308 sint,
1528 3241 1599 3298 unde
1616 3255 1674 3308 poet
1692 3259 1754 3310 qua·

118 3309 152 3368 de
170 3315 289 3387 pignore,
308 3321 316 3371 i
337 3318 407 3375 idem
427 3315 554 3392 iungitur·
562 3325 659 3376 marito
677 3317 792 3384 pitienti
809 3331 929 3378 socerum
958 3309 1072 3366 tundam
1097 3305 1301 3368 distraiiiooem
1317 3308 1404 3366 adhuc
1429 3309 1462 3368 de
1478 3308 1587 3377 reliquis
1603 3327 1620 3364 a
1636 3309 1761 3367 debitore

118 3380 163 3438 rel
181 3401 291 3442 uxorem
308 3389 421 3457 experiri
439 3391 473 3447 de
490 3395 648 3460 proprietate
666 3389 706 3442 rei
724 3391 751 3442 in
770 3387 861 3442 dotem
879 3386 927 3441 da·
958 3383 1080 3446 possessis
1096 3377 1286 3450 hypothecaria
1297 3379 1346 3446 ipsi
1355 3393 1441 3445 potest
1458 3376 1571 3435 debitori
1589 3386 1696 3437 moveri.
1715 3377 1757 3434 lta

116 3464 161 3523 tc,
178 3455 207 3513 ἂ
224 3460 365 3524 possessori
382 3471 427 3516 sets
446 3466 543 3518 emtori
578 3464 672 3518 attenti
683 3455 848 3514 venditorem
862 3472 928 3510 coo·
958 3462 1016 3516 post
1035 3443 1173 3504 bisbetum
1190 3445 1230 3500 cd
1244 3447 1327 3502 Pand
1346 3451 1387 3503 tir·
1405 3446 1588 3521 designante
1607 3446 1711 3516 hypati,
1725 3469 1752 3503 n.

117 3523 229 3590 tendere
246 3525 279 3584 de
297 3530 335 3585 rei
354 3536 522 3602 proprietate.
553 3479 637 3588 diane
662 3529 686 3583 si
703 3525 853 3584 debitorem
867 3539 929 3580 cum
956 3515 1760 3601 9,B¹⁰¹¹¹¹0“¹²!¹⁰¹1mfli··²i·C·dtii²¹·&⁶iivii⁸i·-

115 3592 273 3662 edversario
288 3599 433 3670 collusisse,
449 3614 528 3670 atque
546 3603 585 3656 ita
603 3595 786 3664 succubuisse,
811 3595 927 3650 creditor
957 3585 1084 3658 aliosque,
1099 3585 1200 3644 clariss.
1211 3587 1280 3644 luris
1292 3599 1443 3645 antecessor
1461 3584 1495 3642 D.
1515 3535 1709 3660 i’agenstecher
1726 3591 1754 3644 in

117 3661 232 3729 probare
258 3671 352 3738 possit,
378 3676 538 3727 sententiam
555 3681 651 3726 contra
678 3665 829 3725 debitorem
846 3662 929 3718 latam
958 3653 1242 3727 discriminoso
1260 3657 1422 3727 vapulante,
1446 3659 1556 3712 coitione
1569 3658 1594 3709 d.
1614 3655 1655 3710 od
1679 3656 1754 3714 autb.

116 3731 247 3793 creditori
265 3753 319 3792 noo
339 3740 499 3808 nocituram,
520 3744 678 3806 rescriptum
693 3750 745 3806 est,
760 3735 778 3789 l·
791 3749 885 3803 spraetr
902 3731 928 3788 5·
958 3721 1003 3782 ὅθί
1020 3727 1044 3782 5¹⁸
1061 3727 1093 3780 θ’
1103 3725 1134 3779 di
1149 3729 1176 3794 il
1191 3746 1218 3782 ὅ·
1228 3723 1261 3788 Θ
1277 3725 1374 3803 iiiiii·
1386 3719 1446 3795 §3-
1458 3725 1491 3787 (Ὗ
1501 3721 1688 3797 fiiislffleflm
1706 3741 1758 3780 ¹¹0*

118 3799 148 3871 C·
166 3799 199 3856 de
215 3807 310 3878 ponor.
329 3805 363 3870 θ
380 3805 479 3878 hypati.
498 3807 566 3868 Non
582 3813 679 3868 desunt
696 3806 817 3874 interim,
872 3800 929 3858 ibus
957 3796 1024 3854 stris
1037 3745 1257 3880 moribusionge
1274 3795 1424 3880 mamillae
1439 3799 1465 3850 in
1486 3811 1566 3864 parte
1582 3797 1696 3852 mutatio
1714 3791 1754 3850 ia·
1835 3837 1838 3844 .

94 3913 101 3921 .
118 3873 205 3944 magis
223 3879 318 3945 placet,
336 3876 582 3936 sinetrstrnitioce
602 3878 673 3932 inter
692 3875 786 3946 pignus
797 3879 824 3931 dr
862 3889 928 3944 ypo·
958 3863 1000 3924 tta
1019 3861 1081 3934 fuit,
1097 3865 1162 3922 dum
1180 3871 1209 3922 in
1227 3863 1408 3922 immobilibus
1417 3865 1566 3934 specialiter
1585 3863 1627 3923 vel
1643 3881 1677 3921 ex
1697 3861 1754 3938 lege

117 3938 226 3998 thecam
244 3963 277 4005 err
295 3945 352 4002 sola
369 3949 481 4004 scientia
499 3959 545 4004 aut
564 3943 866 4019 ignorantiacreditoris
884 3959 929 4009 pe·
959 3937 1062 4008 pignori
1080 3933 1253 4016 obligatis&
1271 3930 1305 3989 ab
1323 3935 1383 4002 ipso
1398 3935 1520 3994 debitore
1537 3940 1671 4004 possessis,
1686 3933 1754 3991 libe·

115 4019 174 4070 te-re
191 4013 216 4068 d.
235 4015 251 4074 l.
271 4010 298 4072 3.
318 4015 352 4078 (ς
369 4015 395 4071 d.
413 4017 434 4072 l.
450 4014 493 4072 63.
513 4017 752 4081 conciliationem,
777 4013 851 4081 qussi
868 4029 929 4068 sen·
960 4021 1019 4062 rum
1037 4006 1162 4062 creditori
1180 4017 1220 4062 est
1236 4010 1373 4062 intentare
1390 4001 1469 4061 simul
1487 4001 1656 4075 personalem
1671 4001 1755 4074 adiic-

114 4087 202 4138 tentia
219 4099 315 4144 contra
331 4086 485 4145 debitorem
502 4085 556 4143 lata
575 4097 670 4143 noceat
688 4084 817 4142 creditori
831 4082 931 4152 reiensi,
958 4078 1062 4134 neni&
1083 4073 1313 4143 hiwthsscailims
1330 4090 1362 4128 ²⁰
1373 4091 1429 4128 uni>
1445 4085 1583 4141 “trinitus
1600 4071 1696 4131 1Μο
1710 4089 1758 4129 ⁶1¹·

113 4164 145 4208 ut
164 4151 245 4214 habet
263 4154 289 4211 d.
308 4159 326 4214 l.
341 4152 390 4215 65.
409 4175 464 4214 non
484 4159 550 4214 item
569 4155 707 4229 ignommi
725 4151 873 4210 debitorem
882 4167 929 4207 ert-
959 4143 1070 4214 madere,
1087 4154 1117 4200 ut
1130 4143 1236 4203 'ditium
1253 4146 1300 4199 sis..
1314 4141 1346 4198 dc
1363 4139 1459 4202 edendo
1474 4163 1500 4197 is.
1522 4141 1563 4212 sd.
1580 4145 1611 4198 in
1625 4142 1695 4200 med.
1714 4148 1767 4200 iis*

112 4225 259 4293 peririad
277 4245 354 4297 quern
371 4244 462 4285 casum
481 4233 647 4298 restringunt
665 4221 746 4280 verba
762 4221 930 4294 generaliora
959 4216 1020 4274 den
1037 4231 1101 4270 vcro
1116 4211 1153 4268 ab
1168 4225 1281 4271 esterno
1298 4217 1436 4296 possessis,
1455 4215 1552 4296 iterum
1578 4209 1673 4270 electro
1699 4229 1757 4268 cre·

113 4291 141 4348 ci.
160 4293 178 4348 l.
197 4259 223 4349 i.
243 4295 396 4356 Bachovius
413 4297 445 4352 de
463 4293 584 4370 pignorib.
604 4294 661 4352 libi.
680 4289 705 4348 ὅ.
718 4307 776 4432 affro
797 4289 837 4349 15.
855 4311 929 4346 nom.
959 4285 1042 4342 ditori
1060 4287 1241 4354 restitutaest,
1257 4294 1347 4339 tetrum
1364 4299 1436 4350 prius
1448 4279 1697 4352 ailronepersonali
1712 4281 1765 4338 de-

117 4361 256 4450 13Petrus
275 4366 392 4426 lierbosa
410 4366 482 4424 adl.
502 4386 556 4452 quo
572 4365 640 4422 dosis
658 4360 704 4432 34.
844 4427 854 4445 υ
1139 4426 1145 4438 ,
1250 4426 1257 4441 ,
1348 4422 1376 4438 ,,

114 4453 223 4495 cosmon.
243 4459 318 4498 nstin.
340 4437 399 4498 160.
415 4435 469 4498 S.2d
488 4449 609 4506 uissest,
624 4446 653 4492 ut
670 4434 852 4491 demonstrari
871 4448 931 4499 pns-
961 4439 1018 4483 rem
1031 4439 1178 4480 conversae
1193 4421 1281 4491 nolit,
1299 4421 1397 4478 stipis.
1417 4419 1535 4478 monn.
1552 4441 1613 4476 oon.
1632 4417 1762 4476 Hoilaed..
1853 4466 1855 4480 .

744 4377 851 4419 ‚rouro
869 4379 928 4414 nco-
961 4353 1084 4422 bitorcrn,
1101 4369 1137 4407 an
1157 4349 1349 4425 hypothecaria
1366 4355 1477 4408 tertium
1493 4353 1612 4422 pignoris
1630 4368 1762 4420 possesso-
1851 4379 1855 4389 =

116 4510 163 4578 sit,
178 4528 234 4582 qao
250 4509 332 4567 modo
349 4509 487 4580 creditori,
506 4507 609 4566 nudum
625 4501 804 4576 hypothecam
823 4505 851 4556 in
871 4518 929 4568 spe·
956 4489 1075 4551 sostei.
1096 4489 1162 4562 lma,
1180 4493 1203 4547 si
1221 4490 1322 4562 prediis
1339 4491 1468 4550 simulac
1485 4489 1614 4562 predibus
1631 4489 1760 4556 credifflii
1852 4525 1856 4530 ·
1930 4527 1932 4532 v

115 4583 160 4641 eie
177 4580 312 4650 habenti,
328 4577 403 4640 citio
420 4594 466 4637 aut
484 4575 606 4638 defensio
625 4577 742 4646 pignoris
768 4575 854 4644 primo
871 4568 934 4627 loco
961 4571 1068 4622 caseum
1087 4557 1187 4644 inerit,
1205 4569 1337 4644 morituri
1355 4563 1384 4614 io
1403 4557 1573 4645 Hoilandia,
1589 4558 1768 4630 personalem.

114 4663 280 4722 competeret
299 4649 334 4708 ad
351 4648 483 4708 debitoris
500 4645 693 4718 exclusionem.
905 4685 907 4696 ,
963 4635 1089 4692 adversus
1105 4632 1268 4702 hdetussores
1283 4625 1418 4688 neironem
1435 4647 1571 4703 quiescere
1586 4629 1692 4698 debere,
1709 4629 1764 4687 do·

151 4715 180 4776 3.
197 4719 274 4780 Licet
292 4733 383 4779 autern
402 4718 459 4789 jure
478 4719 563 4778 veteri
590 4711 686 4775 cicilio
711 4711 840 4769 creditori
857 4725 931 4764 com·
964 4723 1014 4762 nec
1023 4709 1267 4779 pignusexcussum
1279 4697 1376 4772 fuerit,
1394 4719 1425 4757 ac
1443 4713 1501 4758 tion
1511 4701 1623 4764 mum
1636 4699 1672 4758 ad
1687 4715 1765 4784 earn,

115 4793 238 4875 petierit,
252 4808 346 4852 utrum
365 4791 442 4866 primv
453 4788 602 4851 debitorem
621 4781 798 4858 principalem
807 4794 855 4839 aut
872 4777 934 4839 fide
964 4771 1166 4847 quesdsersus
1187 4769 1349 4841 ieetusores
1365 4777 1513 4846 cooperit,
1536 4768 1613 4832 velut
1627 4767 1766 4834 suisme-

565 5025 574 5049 Ι
