4026 5352
261 162 305 236 ta
895 173 967 236 ru.
994 175 1031 238 v.
1057 173 1118 238 rn.
1136 171 1172 254 r.
1254 143 1259 146 ’

219 273 307 334 esset,
324 276 356 322 ut
373 261 507 326 ordinarii
525 257 619 334 iudicis
647 273 755 334 possent
771 258 909 320 declinare
927 263 1037 335 jurisdi·
1066 266 1156 334 ruriae
1171 264 1257 336 prali-
1275 260 1399 336 querna.
1413 276 1475 334 cap.
1493 277 1519 338 7.
1529 283 1604 326 num.
1623 265 1672 324 nir.
1689 265 1787 340 infiat.
1804 262 1877 342 Aug.

176 329 185 345 ⁶
217 327 339 398 filonem
358 342 386 400 in
405 335 445 408 jus
463 347 573 392 vocata.
603 329 708 391 Confer
726 333 921 394 Christinaeum
941 336 992 392 vol.
1014 353 1034 390 r.
1066 335 1186 393 liarbosa
1204 335 1309 394 Collati.
1328 335 1386 392 (bd.
1405 334 1446 390 ud
1464 335 1483 392 i.
1510 337 1582 414 unic.
1600 339 1704 409 quando
1718 340 1790 410 Imp.
1809 342 1879 398 irater

216 401 297 463 decis.
315 405 377 479 259.
388 428 464 464 num.
484 403 523 476 rd.
534 403 567 470 <a
584 425 650 478 seqq.
661 406 707 462 ubi
726 406 822 464 desua
840 407 960 476 regionis
978 424 1037 462 mo·
1063 410 1172 476 pupillos
1191 404 1333 471 &nnana
1357 421 1398 478 17.
1409 404 1557 466 Cancerius
1574 430 1631 468 aar.
1649 411 1833 480 resolutivam.
1848 425 1875 466 a.

218 491 250 530 re
267 491 352 550 agens
370 477 421 536 hoc
440 478 614 550 privilegium
630 480 712 534 etiam
733 473 863 534 viduabus
880 493 911 532 ac
930 476 1037 547 pupillis
1065 495 1123 548 cap.
1141 495 1166 534 a.
1184 499 1260 535 num.
1278 493 1320 550 27.
1338 476 1381 534 all.
1401 475 1537 549 Quicquid
1553 481 1608 550 sit,
1630 484 1660 538 in
1677 489 1763 540 causis
1779 482 1877 541 saltem

221 544 407 620 similiumque
426 551 463 612 in
483 547 525 618 jus
543 551 646 604 vocatis
673 545 790 618 tribuit,
807 548 862 602 nisi
886 543 940 616 jam
958 550 1037 606 litem
1065 549 1183 608 dividuis
1209 553 1233 606 si
1250 545 1312 608 sola
1338 547 1503 606 miserabiles
1521 567 1637 618 persona
1663 572 1711 625 pro
1727 571 1774 611 sara
1799 565 1877 624 parte

222 629 381 686 contestata
398 634 445 684 aut
463 621 612 678 cmrtestati
629 629 738 686 carente
765 617 832 674 adeo
851 629 881 672 ut
908 630 966 676 turn
985 624 1036 674 nti·
1065 624 1094 676 in
1114 619 1286 692 privilegiato
1312 621 1441 688 coeperinr
1460 616 1521 678 soro
1538 627 1664 696 experiri,
1682 623 1796 684 liberum
1812 625 1877 683 reli-

222 689 335 758 noribus
353 711 403 752 nec
430 711 477 761 per
502 694 530 748 in
550 691 685 762 integrunt
711 690 912 747 restitutionem
928 707 1037 746 succur·
1064 693 1124 762 quis
1142 709 1198 747 esse
1215 689 1306 759 debet,
1324 703 1354 746 ut
1372 707 1426 746 sese
1443 692 1482 748 eis
1499 693 1642 763 agentibus
1659 693 1827 768 adiungam,
1844 699 1874 758 tr

198 762 336 823 rendum
359 775 453 836 putet,
479 764 515 822 ad
532 761 610 826 litem
636 771 818 820 contestatam
834 757 891 819 alio
918 757 1036 818 transle-
1065 765 1105 816 ita
1123 761 1202 818 simul
1219 776 1328 818 causam
1345 775 1559 830 persequantur,¹
1577 783 1611 822 ne
1629 766 1748 834 alioquin
1767 781 1876 824 senten-

221 830 344 898 tentiam·
713 866 716 873 -
990 863 994 869 ·
1064 835 1105 888 tia
1121 844 1219 898 contra
1237 848 1379 902 personam
1403 831 1600 905 privilegiatam
1618 836 1674 892 lata
1693 840 1755 916 ipsis
1772 855 1876 907 quoque

217 959 220 966 ,
261 917 319 970 121.
338 899 421 962 Nihil
434 915 523 966 autem
541 910 710 974 interest,an
729 899 768 959 ha
786 917 901 970 persona
920 919 955 963 err
973 919 1035 972 pro-
1065 923 1121 960 non
1139 901 1315 974 privilegiatis
1332 904 1425 960 eodem
1444 901 1500 974 jure
1517 908 1632 963 munitis
1650 909 1803 977 prejudicio
1819 913 1875 980 sit,

216 976 281 1040 prio
297 975 399 1048 capite,
416 993 452 1032 an
475 973 529 1046 iure
547 975 740 1046 haereditario,
757 970 798 1044 jus
816 973 914 1046 agendi
931 973 1034 1045 adeptae
1065 993 1131 1032 nam
1149 975 1200 1034 etsi
1218 991 1260 1030 res
1278 974 1352 1032 inter
1366 970 1503 1030 aliosabia
1522 972 1582 1034 aliis
1592 975 1695 1035 diretta
1703 997 1760 1036 non
1770 993 1877 1050 noceat,

219 1050 288 1117 sint,
304 1047 371 1104 dum
389 1065 445 1102 non
464 1045 634 1119 privilegiato
648 1045 766 1104 heredes
782 1047 956 1111 extiteruntt
974 1062 1036 1100 cum
1065 1059 1157 1104 tauten
1175 1051 1212 1104 in
1232 1062 1287 1102 una
1313 1043 1459 1116 eademque
1475 1061 1556 1101 causa
1582 1051 1689 1116 sequior
1717 1049 1802 1108 relata
1828 1069 1874 1121 per

219 1133 306 1189 neque
331 1119 359 1179 d.
378 1117 397 1173 l.
424 1125 503 1178 unica
526 1119 697 1189 distinguat,
723 1134 774 1173 nec
800 1133 887 1172 mores
905 1112 1035 1172 haetenus
1053 1135 1148 1190 ,unum
1166 1117 1304 1174 sententia
1322 1117 1461 1188 ingentem
1477 1116 1603 1176 adversus
1620 1119 1755 1193 reliqum,
1772 1137 1806 1182 ex
1823 1139 1871 1179 eo·

132 1239 136 1248 .
219 1187 423 1254 introduxerint
442 1203 576 1258 quantum
602 1189 638 1245 ad
657 1185 709 1244 hoc
728 1183 781 1242 fori
799 1185 972 1256 privilegium
991 1187 1034 1244 in·
1062 1190 1124 1248 dem
1142 1185 1200 1256 jure
1218 1184 1392 1260 litigaturos,
1416 1185 1521 1244 inducit
1538 1205 1621 1250 censa
1638 1209 1696 1248 non
1716 1190 1792 1250 ponz
1809 1210 1876 1262 prg-
1923 1209 1928 1216 ·

217 1273 260 1316 ter
280 1264 398 1328 proprias
426 1261 454 1326 dr
478 1259 660 1324 hereditarias
686 1253 807 1314 abilenes
833 1259 1033 1315 diversitatem.
1063 1261 1254 1328 sumptionem.
1442 1325 1446 1331 .

217 1326 453 1400 Quemadmodum
469 1333 554 1388 etiam
564 1333 593 1385 in
605 1327 756 1386 llollandia
774 1344 831 1383 non
842 1324 935 1398 refert,
945 1343 1033 1385 urnam
1103 1325 1161 1388 123.
1180 1326 1263 1401 Quod
1288 1333 1311 1386 si
1329 1333 1358 1384 in
1375 1326 1564 1388 contrahendo
1589 1333 1809 1392 renunciaverint
1828 1351 1876 1396 suo

195 1400 253 1462 ·lis
269 1404 332 1471 ipsis
359 1403 508 1462 intercedat
526 1418 589 1458 curn
615 1399 675 1456 aliis
693 1416 750 1456 non
778 1397 980 1471 privilegiatis,
997 1417 1033 1456 an
1063 1398 1115 1458 sori
1133 1399 1295 1470 privilegio,
1315 1415 1351 1455 an
1369 1401 1538 1459 renunciatio
1565 1413 1625 1457 rata
1643 1400 1736 1460 haberi
1759 1404 1875 1476 debeat,

217 1487 281 1534 cum
299 1468 360 1531 aliis
378 1472 474 1543 aquali
491 1469 544 1530 fori
561 1475 740 1541 praerogativa
758 1469 883 1542 munitis,
900 1469 965 1526 dum
982 1489 1032 1540 pu·
1061 1471 1219 1544 questionis
1245 1479 1296 1526 est.
1314 1465 1450 1542 Plerisque
1466 1487 1526 1526 eam
1551 1471 1677 1530 inutilem
1703 1493 1760 1534 esse
1786 1477 1876 1534 visiun

216 1540 298 1609 pilius
315 1543 454 1615 pupillum,
474 1545 555 1602 vidua
575 1545 702 1610 viduam,
721 1549 767 1597 aut
786 1537 901 1609 pupillus
922 1539 1032 1598 viduam
1063 1547 1128 1614 t'nir,
1145 1559 1179 1600 eo
1206 1539 1278 1608 quod
1295 1540 1464 1613 privilegium
1492 1540 1545 1597 hoc
1562 1561 1618 1599 non
1637 1547 1744 1613 privato
1762 1541 1874 1618 lavore,

215 1615 245 1668 in
265 1607 304 1682 ius
328 1626 407 1671 vocat
418 1634 432 1684 ς,
454 1632 505 1687 qua
522 1615 557 1672 de
574 1614 652 1683 praxi
678 1621 794 1680 testatur
822 1607 1032 1684 Groenevvegen
1061 1616 1108 1672 sed
1126 1610 1253 1680 publico,
1270 1614 1297 1669 dr
1322 1612 1503 1669 miserationis
1522 1614 1625 1671 intuitu
1650 1631 1805 1676 concessum
1821 1629 1874 1685 est,

216 1681 258 1736 ad
272 1682 300 1746 d,
316 1683 336 1738 l.
356 1689 425 1744 unic.
444 1707 519 1756 num.
566 1682 733 1744 ‚Leeuvven
760 1700 828 1738 cens.
839 1675 895 1748 foa
916 1696 986 1748 part.
1006 1696 1030 1736 a.
1061 1685 1134 1758 cujus
1151 1683 1258 1755 generis
1269 1679 1405 1740 beneficiis
1423 1699 1478 1738 non
1497 1681 1585 1742 valide
1602 1688 1758 1742 renunciari
1776 1683 1819 1744 vel
1835 1703 1872 1743 err

217 1749 278 1810 libr.
302 1771 325 1814 ι.
344 1772 400 1826 cup
426 1751 465 1814 15.
485 1777 511 1814 n.
535 1699 575 1814 rb.
592 1754 663 1828 quod
689 1756 717 1813 ἃ
737 1759 766 1808 in
784 1749 948 1812 Catalaunia
967 1769 1031 1821 pro·
1064 1776 1097 1816 eo
1114 1766 1244 1824 apparet,
1263 1755 1334 1823 quod
1359 1758 1388 1813 dr
1407 1755 1536 1810 cessionis
1555 1755 1686 1812 beneficio
1708 1757 1883 1816 renuncians⁴

203 1822 276 1880 ¹bari
293 1824 378 1884 tradit
404 1825 554 1888 Cancerius
580 1847 637 1884 aar.
657 1824 760 1881 recolat.
784 1837 853 1892 part.
882 1837 908 1876 2.
928 1837 984 1894 cap.
1004 1838 1030 1878 2.
1061 1829 1095 1885 ad
1115 1825 1182 1884 illud
1200 1839 1293 1880 tanten
1311 1823 1347 1882 ad
1365 1825 1486 1892 inopiam
1502 1823 1623 1882 redablus
1649 1824 1795 1918 confugere
1814 1843 1871 1884 non

213 1913 289 1956 nura·
308 1891 352 1951 23·
372 1896 416 1966 24.
473 1900 576 1957 uatnvis
592 1907 716 1954 cessante
741 1905 884 1951 constante
903 1889 957 1949 sori
973 1910 1031 1962 usu,
1060 1893 1253 1968 prohibeatur,
1271 1901 1319 1964 (ut
1338 1892 1406 1949 alibi
1423 1893 1562 1966 dicetur)·
1577 1902 1615 1951 ita
1632 1895 1701 1954 Ant.
1720 1897 1874 1956 'lhesaunu

213 1968 300 2039 magis
339 1968 460 2038 generali
480 1987 510 2026 us
544 1965 611 2038 juris
648 1963 831 2024 fundamentis
865 1965 1031 2022 conveniens
1059 1967 1138 2024 decis.
1170 1979 1229 2037 177.
1247 1983 1322 2021 num.
1350 1963 1546 2034 acescens
1572 1965 1599 2021 d.
1615 1979 1685 2035 pavr.
1714 1983 1739 2022 a.
1767 1971 1870 2028 variar.

212 2049 282 2094 esset
299 2042 438 2102 contr-aria
456 2042 654 2105 sententiareo
670 2037 742 2110 quod
760 2032 946 2108 privilegiatus
963 2051 1029 2088 con·
1050 2041 1162 2095 ,verolus
1181 2049 1238 2106 cap.
1266 2050 1292 2090 2.
1312 2055 1338 2093 n.
1357 2049 1401 2109 29.
1422 2037 1492 2108 Aug.
1520 2033 1641 2094 Barbosa
1663 2035 1744 2095 add.
1763 2045 1780 2096 l.
1798 2041 1872 2098 unic.

213 2120 257 2166 tra
284 2129 356 2182 aque
384 2109 584 2182 privilegiatum
602 2127 658 2166 non
687 2119 774 2176 potest
801 2121 879 2162 suum
905 2123 1029 2163 exercere
1059 2111 1086 2168 C.
1105 2129 1179 2167 num.
1207 2105 1256 2164 ult.
1276 2103 1371 2166 Petrus
1398 2103 1517 2165 Barbosa
1535 2106 1576 2162 ad
1598 2108 1617 2164 l.
1635 2109 1693 2165 alia
1721 2129 1805 2168 causa
1826 2108 1867 2168 15.

212 2177 311 2248 privile
330 2183 399 2250 ium,
414 2181 458 2238 sed
477 2198 509 2236 eo
528 2183 616 2251 potius
634 2177 696 2258 loco
713 2176 853 2236 habendus
881 2187 922 2234 est
940 2194 1028 2250 quan·
1057 2181 1096 2250 ff.
1119 2200 1141 2238 r.
1168 2198 1242 2236 num.
1261 2173 1306 2304 Aba.
1330 2173 1364 2238 (τ
1381 2175 1426 2234 5ο.
1438 2173 1474 2248 ff.
1501 2177 1583 2234 soluto
1610 2183 1762 2237 matrinam.
1780 2180 1873 2242 Andr.

189 2263 272 2318 ‚tunt
289 2198 328 2308 aci
352 2251 538 2314 adversarium
555 2247 650 2323 equali
677 2266 734 2319 rure
750 2249 936 2322 gaudentem,
955 2266 987 2303 ac
1005 2249 1028 2302 si
1058 2248 1141 2324 Gayl.
1160 2247 1203 2310 lib.
1218 2267 1241 2304 r.
1259 2267 1274 2303 o
1292 2267 1356 2306 reru.
1371 2265 1393 2304 r.
1411 2269 1487 2306 narn.
1504 2247 1550 2316 do.
1569 2247 1784 2322 Sedjnrinragis
1800 2269 1889 2308 con-·

213 2315 290 2377 narlla
308 2338 364 2388 pre,
388 2321 436 2376 reli
456 2324 498 2378 uis
516 2341 602 2390 praero
622 2321 697 2374 ativa
716 2325 837 2377 munitus
856 2328 946 2388 esset,
972 2335 1027 2390 arg.
1057 2323 1170 2392 veniens
1235 2319 1463 2389 ,renunciationi
1482 2315 1556 2378 sabin
1574 2323 1699 2380 standum
1716 2342 1789 2392 esre,
1806 2339 1871 2380 cum

212 2387 230 2446 i.
250 2408 413 2448 verumrr.
430 2339 458 2466 gi.
478 2392 526 2449 ult.
537 2337 626 2462 ffidb
653 2392 746 2446 minor.
767 2389 808 2446 25.
837 2391 924 2444 arenis.
944 2387 964 2445 l.
983 2388 1033 2444 sed
1056 2411 1087 2451 ea
1115 2393 1197 2448 bonis
1223 2408 1279 2448 non
1306 2389 1462 2449 adversetur
1485 2389 1629 2463 moribus,
1654 2397 1682 2454 ἂ
1700 2393 1869 2463 obtinuerit,

212 2453 246 2521 (a
266 2460 362 2524 militar
385 2460 411 2518 ti.
428 2479 468 2533 pr.
482 2459 520 2533 ff.
547 2461 579 2517 de
596 2475 713 2520 excusat.
740 2478 820 2520 tator.
840 2460 856 2514 i.
876 2458 924 2516 ult.
943 2459 981 2528 ff.
1003 2477 1025 2516 r.
1056 2479 1272 2531 unumquemque
1290 2457 1430 2520 licentiam
1449 2460 1549 2520 habere
1567 2459 1620 2538 his,
1636 2482 1693 2532 qua
1710 2483 1759 2535 pro
1777 2483 1805 2522 se
1822 2469 1867 2520 ln-

210 2531 241 2584 in
250 2528 311 2600 fine.
328 2530 389 2592 cod.
410 2538 456 2606 qui
470 2533 588 2602 portevin
602 2537 712 2608 pignore.
731 2533 784 2591 Cui
802 2548 966 2604 consequens
985 2529 1026 2588 fo·
1056 2531 1179 2592 trodubia
1197 2545 1279 2604 sunt,
1297 2533 1496 2605 renunciandi,
1524 2535 1541 2590 i.
1558 2549 1616 2603 pen.
1636 2534 1697 2592 cod.
1723 2535 1755 2592 de
1772 2535 1866 2605 paliis.

206 2613 271 2672 ret,
299 2615 329 2660 ut
345 2621 378 2660 ex
395 2602 454 2678 jure
481 2611 618 2664 communi
636 2609 710 2674 ipse,
728 2617 857 2672 tanquam
875 2597 968 2674 auor,
987 2604 1026 2659 rei
1056 2602 1279 2663 Parumsaciente
1297 2604 1329 2660 in
1338 2605 1516 2675 contrarium,
1533 2608 1604 2677 quod
1623 2624 1678 2664 non
1696 2609 1801 2677 privato
1818 2605 1869 2666 sed

209 2667 300 2730 forum
315 2675 484 2738 ordinarium
500 2675 612 2734 deberet
630 2671 818 2804 sequi,Sande
836 2670 913 2728 decir.
932 2673 1025 2730 Friric.
1056 2674 1166 2746 publico
1185 2672 1276 2731 favore
1295 2671 1346 2730 hoc
1365 2669 1403 2742 irs
1421 2671 1474 2730 fori
1493 2674 1634 2740 indubium
1650 2684 1705 2743 sit,¹
1728 2695 1790 2736 cum
1809 2693 1866 2734 non

208 2743 228 2796 i.
250 2759 274 2798 r.
292 2749 335 2802 tir.
364 2763 392 2818 ι..λ
406 2747 482 2818 defin.
503 2762 529 2802 2.
548 2748 593 2804 Au
612 2762 663 2804 ast.
693 2743 813 2806 larbosa
832 2745 859 2799 in
878 2742 1024 2802 collariam.
1054 2749 1144 2802 minus
1163 2743 1295 2802 militibus
1323 2743 1424 2814 publici
1442 2743 1543 2803 favoris
1569 2749 1676 2814 intuitu
1698 2745 1867 2822 privilegium

208 2811 250 2872 aad
264 2814 285 2872 l.
310 2818 382 2874 unic.
402 2821 429 2874 C.
448 2817 552 2891 quando
596 2835 726 2885 mperaror
744 2820 812 2874 inter
835 2813 943 2884 pupillos
967 2815 1022 2878 &a
1053 2815 1180 2872 militaris
1197 2811 1289 2886 iudIcil
1306 2815 1402 2874 datum
1419 2812 1522 2882 fueriti
1554 2836 1600 2876 uos
1616 2831 1709 2876 tamen
1725 2836 1774 2876 suo
1790 2837 1866 2890 posuit

207 2905 283 2941 num.
302 2887 542 2960 apssovarruvias
557 2891 740 2962 praefluunt.
758 2902 816 2956 cap.
832 2883 933 2958 Μή.
955 2888 1023 2944 Ant.
1055 2883 1105 2958 iuri
1123 2887 1292 2957 renunciare,
1310 2885 1398 2956 palam
1414 2900 1455 2944 est
1472 2905 1506 2950 ex
1523 2838 1551 2945 ri.
1569 2889 1586 2945 Ι.
1606 2905 1663 2960 pen.
1684 2887 1779 2961 Neque
1794 2906 1866 2947 sem·
1952 2914 1955 2920 ·

207 2952 362 3016 Thesaurus
380 2959 457 3018 deris.
474 2975 532 3033 177.
551 2981 576 3016 n.
587 2974 613 3032 9.
632 2966 660 3020 ia
679 2957 748 3022 med.
759 2958 827 3018 adeo
845 2969 875 3013 ut
895 2974 943 3012 nec
961 2976 1023 3028 pr07
1053 2979 1100 3028 per
1118 2975 1212 3016 verum
1229 2968 1290 3029 est,
1308 2957 1457 3014 invalidam
1473 2977 1530 3016 esse
1547 2963 1782 3018 renunciationem
1801 2957 1866 3030 luris

206 3023 299 3086 banda
329 3031 454 3090 videatur
484 3035 602 3090 Antonii
628 3029 710 3090 Fabri
729 3031 841 3099 opinio,
867 3029 913 3096 qui
932 3029 976 3088 lib.
997 3023 1021 3083 3.
1052 3048 1085 3088 err
1109 3034 1284 3087 miseratione
1310 3031 1448 3096 concessit
1473 3032 1545 3100 quod
1563 3037 1638 3088 enim
1664 3028 1793 3090 benefitio
1809 3049 1868 3087 ces-

205 3095 270 3154 coa.
289 3101 332 3155 rit.
345 3096 395 3176 ι15.
406 3101 437 3158 de
454 3101 501 3171 firr-
517 3120 540 3158 r.
559 3103 674 3174 censuit,
691 3099 809 3160 abborem
822 3095 1022 3173 privilegiatum
1050 3103 1135 3160 sionis
1153 3117 1233 3160 nemo
1261 3100 1344 3169 possit
1360 3117 1394 3158 err
1412 3105 1618 3160 renunciatione
1634 3104 1754 3174 privari,
1773 3102 1801 3160 ld
1819 3121 1865 3172 pe-

205 3163 278 3226 retia
305 3177 488 3230 avocatumm‘.
508 3189 585 3230 suum
613 3175 797 3232 adversarium
822 3171 1022 3244 privilegiatum
1051 3173 1149 3231 culiari
1166 3172 1268 3228 nititur
1279 3173 1402 3240 ratione,
1422 3173 1493 3244 quod
1510 3172 1612 3232 scilicet
1631 3190 1710 3230 nemo
1728 3171 1865 3232 membro-

204 3239 247 3297 ad
260 3237 381 3298 tribunal
398 3245 529 3314 superius,
539 3244 648 3312 quando
665 3262 727 3302 cum
744 3242 878 3314 personali
888 3261 1021 3317 preroga*
1050 3261 1109 3302 rum
1127 3242 1254 3302 dominus
1270 3243 1316 3314 sit,
1333 3241 1517 3314 illacrima
1540 3239 1578 3300 13.
1595 3240 1630 3314 ff.
1648 3241 1689 3297 ad
1702 3242 1748 3317 leg.
1768 3242 1869 3314 Apuli.

205 3309 266 3368 tiva
284 3307 347 3381 lori,
364 3329 455 3372 cama.
468 3317 551 3384 ipsius
568 3314 742 3386 privilegium
759 3331 791 3370 ac
810 3309 888 3368 favor
905 3333 1021 3373 concur·
1054 3316 1173 3384 adeoque
1191 3332 1241 3371 nec
1259 3311 1381 3372 membra
1398 3331 1546 3382 seucorpus
1563 3330 1641 3371 suum
1650 3310 1707 3383 jure
1724 3313 1810 3386 possit
1828 3313 1866 3370 ad

204 3385 252 3452 rit,
270 3379 399 3440 velutisi
414 3386 496 3444 vidua
513 3385 606 3445 dotem
624 3399 730 3456 repetat
749 3403 766 3441 a
784 3382 900 3453 pupillis.
922 3383 1020 3442 uiaret
1049 3386 1169 3458 perpetui
1193 3387 1310 3444 carceris
1326 3383 1487 3457 squallorem
1512 3387 1540 3442 dr
1567 3385 1778 3443 macerationem
1795 3380 1866 3439 obli.

202 3453 290 3525 enirn,
309 3471 365 3512 non
382 3454 508 3515 obstante
523 3453 710 3528 dotisfavore,
728 3451 867 3530 aquaticas
885 3455 1018 3528 privilegii
1048 3475 1131 3531 gare5
1162 3456 1234 3528 quod
1251 3465 1343 3516 tame'n
1372 3452 1491 3514 futurum
1508 3466 1594 3524 esset,
1621 3456 1645 3510 si
1661 3449 1787 3510 beneficii
1804 3471 1866 3537 ces·

201 3526 334 3593 'quantum
355 3525 391 3583 ad
407 3522 497 3585 forum
515 3529 635 3596 attinett
663 3547 698 3584 ne
717 3545 750 3586 ue
768 3544 802 3582 err
819 3545 869 3596 eo,
897 3528 969 3596 quod
990 3530 1019 3583 in
1047 3530 1131 3588 sionis
1149 3529 1320 3586 renunciatio
1348 3525 1426 3586 firma
1443 3525 1531 3594 loreis
1557 3530 1654 3598 quippe
1671 3541 1728 3592 qua
1804 3525 1872 3582 iser--

201 3592 357 3655 aliisdotes
368 3601 528 3672 precipuum
544 3599 692 3660 meruerint
731 3615 832 3670 vorem,
851 3593 923 3656 teile
940 3597 1019 3656 indu·
1048 3615 1122 3658 mum
1139 3600 1174 3657 ad
1190 3597 1222 3656 'id
1239 3596 1346 3666 proficit
1364 3599 1477 3668 miseris,
1488 3615 1522 3654 ne
1538 3597 1749 3655 condemnans
1784 3593 1868 3654 alebi*

201 3671 295 3738 xeris,
321 3664 376 3726 sori
392 3687 497 3740 quoque
515 3674 618 3730 intuitu
638 3670 765 3740 viduam,
782 3669 817 3726 de
834 3663 892 3747 ejus
908 3671 1018 3728 restitu·
1047 3680 1106 3728 tum
1124 3671 1153 3727 in
1169 3685 1305 3727 carcerem
1321 3667 1511 3738 detrudantur,
1531 3666 1550 3724 l.
1575 3685 1598 3724 r.
1616 3667 1645 3724 C.
1663 3669 1707 3740 qui
1725 3664 1799 3724 bonit
1819 3687 1864 3724 ce-

203 3737 278 3796 tione
294 3740 628 3812 cnntendentnn,mrjore
644 3757 726 3815 quam
743 3733 859 3810 pupillos
877 3756 935 3808 rure
950 3757 1017 3813 gau·
1047 3739 1107 3797 dm
1123 3755 1188 3810 perr.
1210 3735 1251 3796 De
1267 3753 1367 3812 emero,
1385 3757 1442 3796 non
1461 3742 1546 3811 magis
1567 3737 1718 3819 viduabus,
1736 3735 1868 3812 pupillis,

201 3805 281 3878 dere,
294 3825 326 3866 ac
344 3810 497 3880 prevalere.
645 3817 648 3823 “
1046 3803 1309 3883 aliisque'similibus
1332 3810 1384 3868 hnc
1402 3807 1455 3868 sori
1474 3807 1615 3880 peculiaris
1641 3827 1682 3881 nu
1698 3825 1732 3868 aa
1750 3813 1864 3866 mirera-

241 3893 300 3934 ran
321 3877 448 3950 Denique
477 3899 528 3940 nec
556 3883 695 3952 interest,
724 3891 814 3938 utrttm
841 3879 1017 3944 miserabiles
1046 3884 1122 3939 tione
1147 3882 1243 3940 darum
1260 3895 1321 3952 est,
1347 3897 1429 3952 quam
1444 3879 1571 3938 studiosis
1592 3896 1686 3940 suum:
1715 3878 1865 3950 quiteriae

198 3944 244 4004 ira
261 3964 379 4018 persone
399 3951 461 4012 solae
479 3957 508 4008 in
528 3949 577 4010 lite
596 3949 765 4022 subsistant,
792 3968 827 4008 an
846 3950 915 4010 alios
935 3951 1017 4012 habe·
1046 3952 1156 4026 (inquit
1185 3951 1251 4023 imp.
1271 3949 1431 4010 Fredeaicus
1448 3953 1477 4008 in
1496 3947 1677 4010 autbbabita
1696 3951 1728 4020 C.
1741 3969 1773 4006 aa
1786 3948 1865 4022 filivs

198 4027 251 4073 ant
270 4035 325 4076 non
345 4019 529 4096 privilegiatos
546 4022 603 4081 litis
620 4018 740 4092 eiusdem
756 4025 1017 4095 consectaneum
1044 4015 1204 4150 probaarre)
1223 4039 1374 4080 aerumnas
1392 4027 1563 4094 misereatur,
1580 4026 1626 4094 qni
1642 4039 1732 4078 amore
1749 4022 1864 4078 scientia

199 4089 229 4146 dt
249 4091 301 4156 ipsi
319 4108 375 4146 non
386 4093 553 4165 privilegiati
570 4111 604 4151 eo
620 4111 686 4152 casu
703 4089 937 4166 foriPrivilegiati
956 4093 1017 4152 red·
1046 4114 1094 4151 cxv
1119 4085 1237 4167 ssalii,
1254 4091 1288 4148 da·
1304 4091 1430 4152 adnisibus
1457 4108 1601 4166 pauperes,
1626 4105 1709 4150 semet
1727 4095 1792 4163 ipror
1810 4093 1865 4148 evi-

196 4159 303 4218 dflssiilf'
316 4164 503 4234 mitialianum
520 4167 602 4224 mocio
619 4165 762 4224 iciemcum
779 4165 957 4236 privilegiatis
977 4162 1017 4232 jus
1046 4166 1172 4235 nutrirent,
1188 4169 1274 4221 vitam
1292 4185 1372 4222 ruam
1391 4165 1484 4222 multis
1499 4165 1619 4232 periculis
1637 4178 1774 4235 reponunt,
1792 4161 1826 4225 iii
1844 4181 1866 4220 a

194 4225 338 4303 babeant,
356 4251 388 4290 ac
405 4249 486 4292 causa
503 4235 533 4290 in
552 4230 681 4306 judicium
697 4237 855 4294 deducenda
873 4235 1015 4294 individua
1046 4233 1184 4292 virissimis
1202 4252 1236 4290 sa
1275 4231 1425 4294 bominibus
1441 4235 1584 4304 cameratas
1594 4234 1711 4306 injuriat
1730 4235 1865 4292 sne'cau-
1894 4281 1898 4288 .

196 4299 244 4371 sit,
261 4300 350 4374 argd.
369 4305 569 4362 airammum
592 4325 631 4364 ro.
643 4301 682 4376 ᾖ
690 4304 875 4378 quemadmod.
894 4308 1014 4364 servitur.
1046 4325 1078 4360 ra
1092 4299 1240 4378 perferunt.
1256 4301 1334 4378 Quos
1343 4321 1436 4368 tamen
1453 4304 1574 4363 militrun
1591 4318 1861 4364 armatorumerem·

197 4372 374 4444 amittantur,
384 4390 441 4431 non
459 4375 559 4435 itemsi
575 4377 691 4434 diuidua
706 4381 752 4447 sit,
761 4394 817 4448 arg.
836 4377 935 4438 lauit.
955 4371 1016 4431 Cod.
1046 4373 1097 4447 plo
1108 4377 1351 4446 renunciareposse
1370 4375 1422 4434 fori
1441 4378 1641 4449 prerogativis,
1653 4377 1707 4433 nisi
1724 4375 1797 4446 aprad
1815 4389 1873 4432 nos

196 4447 222 4510 ri
239 4446 269 4500 in
286 4446 422 4503 communi
439 4443 589 4516 eademne
608 4466 693 4502 rausa
711 4448 843 4504 restitutio
857 4447 1021 4518 postuletur,
1045 4447 1220 4506 minorennes
1237 4449 1306 4519 sint,
1320 4465 1401 4518 supra
1418 4445 1521 4507 dilium
1537 4459 1588 4519 est,
1601 4443 1723 4506 Peterius
1739 4449 1781 4504 ris.
1801 4439 1864 4502 Cod.

196 4514 301 4576 nisi&
317 4514 523 4587 urrumnai
539 4513 812 4586 pluresspeblantem,
830 4517 1015 4576 existimemus
1044 4513 1142 4590 quaed.
1162 4516 1260 4590 Impera
1281 4522 1351 4576 iam
1402 4518 1476 4588 pillos
1494 4517 1551 4582 &a
1569 4535 1717 4602 cognoscar,
1731 4537 1805 4574 nam.
1823 4535 1867 4573 ce·

197 4592 229 4648 in
247 4587 405 4648 universum
422 4587 453 4642 in
482 4581 542 4644 soro
559 4585 733 4660 privilegiato
748 4583 934 4659 deliniendam
950 4607 1017 4660 esse,
1044 4605 1135 4647 renam
1151 4606 1213 4647 svnt
1237 4589 1263 4648 5·.
1282 4589 1351 4648 rint.
1405 4587 1519 4650 atheus
1546 4586 1577 4644 dv
1589 4587 1706 4661 judiciis
1723 4587 1819 4659 disput.
1837 4583 1865 4655 4.

196 4677 233 4718 ne
250 4659 422 4716 continentia
449 4674 540 4716 maara
551 4657 694 4717 dividatur
734 4675 792 4729 arg.
811 4659 853 4712 rit.
870 4653 905 4728 ᾖ
922 4659 1016 4733 quibus
1045 4679 1120 4717 nrm.
1143 4653 1189 4732 59.
1206 4657 1303 4733 quue
1319 4655 1395 4734 facit,
1409 4661 1481 4734 quod
1498 4658 1697 4718 miserabilibus
1715 4657 1788 4718 hisce
1806 4676 1872 4730 per-

196 4750 228 4786 ce
244 4733 334 4785 cavan
351 4725 394 4784 ad
407 4728 483 4789 rand.
495 4725 561 4800 jad.
579 4745 666 4786 eatur.
685 4696 750 4786 ilict.
775 4717 914 4788 (botellus
931 4729 973 4786 ad
987 4727 1016 4786 d.
1043 4736 1116 4790 sonis
1134 4727 1307 4802 llberumsit,
1326 4749 1382 4792 non
1392 4738 1434 4792 uti
1451 4729 1509 4804 iure
1527 4751 1585 4801 suo,
1596 4733 1624 4791 81
1643 4729 1679 4788 ei
1696 4731 1867 4810 ordinarium

137 4819 145 4834 ·
196 4796 324 4877 Μαί
352 4795 662 4875 quemamadmodum
686 4799 779 4858 servin
799 4800 885 4859 amir..
909 4799 1032 4864 (lotan,
1047 4797 1326 4878 iudicumlitiganrm
1339 4804 1401 4879 ire,
1417 4817 1448 4866 ut
1466 4814 1532 4868 ante
1548 4801 1676 4874 dibiuma,
1690 4801 1720 4860 in
1738 4814 1868 4875 unium,
