3994 5350
721 276 912 363 Pignoribass
929 281 959 348 is
974 276 1172 366 Hipotirecis,
1190 283 1261 350 iic(
1346 233 1348 238 Δ
1687 281 1758 354 213

720 379 800 438 :noris
817 387 899 437 cansa
918 375 963 430 in·
992 374 1029 428 ris
1047 369 1119 432 valet
1137 393 1177 433 res
1194 371 1488 456 ipsumam-debitum
1506 387 1557 448 esa,
1575 377 1592 432 1.
1604 379 1627 433 si
1637 375 1743 452 fundus
1764 377 1805 436 16.
1884 391 1887 397 ·

723 441 876 572 tcondi‘tp
892 444 962 501 obli·
990 435 1017 518 il.
1036 445 1170 504 interdum
1187 443 1212 516 Ι.
1228 447 1263 514 ff.
1285 444 1309 500 b.
1320 463 1339 500 s.
1350 443 1400 502 Sin
1419 460 1484 504 ante
1502 449 1630 520 percepti,
1649 467 1705 504 non
1724 447 1807 506 aliter·

148 507 271 580 gationis
289 478 383 590 indivis
725 513 746 567 Ι.
763 518 829 582 tripu
861 516 963 572 tionum
993 522 1021 570 in
1039 531 1120 570 causa
1130 517 1248 587 pignoris
1261 527 1334 582 sunt,
1351 519 1431 581 quarn
1442 517 1463 570 si
1474 515 1562 574 adbuc
1579 531 1683 590 exterat,
1702 520 1731 576 dr
1749 535 1805 575 non

146 597 173 636 2·
191 569 218 644 d.
233 592 266 659 ss
284 575 325 632 bn·
349 581 354 594 '
368 584 378 632 i
725 587 782 656 'gan
793 597 848 658 arg.
860 584 877 639 Ι.
889 584 962 641 bose·
993 577 1110 642 susticiat
1127 603 1169 643 tes
1186 584 1348 654 principalis,
1367 584 1392 638 d.
1408 585 1426 639 Ι.
1439 583 1480 642 16.
1489 580 1515 655 d.
1534 585 1560 654 d.
1569 583 1605 656 ff.
1616 588 1640 645 b.
1652 605 1671 644 r.
1690 587 1766 646 Nam
1782 591 1807 644 si

146 649 193 706 dss
210 665 275 726 ejus·
289 595 379 719 35.Ῑέ
544 689 550 700 .
735 652 893 712 erciscundae
910 657 961 715 iac.
992 655 1110 709 atartio
1128 653 1204 712 bona
1224 653 1284 712 iidei
1303 667 1407 710 emtore
1433 659 1548 723 percepti
1566 671 1649 728 atque
1665 663 1801 715 consumti

147 719 239 778 Coren
257 715 354 776 observ.
733 743 750 780 s
769 724 910 782 heredibus
928 725 964 782 ad
993 723 1059 789 sint,
1077 729 1117 780 uti
1135 742 1180 781 eos
1199 723 1245 782 ille
1262 726 1374 785 domino
1395 727 1536 799 restituere
1553 744 1608 782 non
1627 732 1743 799 cogitur,
1766 729 1807 782 ita
1843 769 1848 780 .

732 796 878 864 ponendam
895 812 962 854 con·
994 794 1208 863 succedisset,
1236 795 1280 851 cui
1301 809 1438 862 nunquam
1458 791 1565 852 suerunt
1584 795 1719 868 obligati,
1738 795 1806 854 ditm

734 885 805 921 sum.
818 864 866 924 uls.
895 932 903 988 I
993 879 1132 988 ”3¹¹qu
1151 860 1405 990 fuettbntadebitotis
1423 859 1497 952 labii,
1518 867 1579 949 licet
1596 869 1625 923 id
1644 869 1808 924 nominatim

734 927 962 1072 ,summ
1213 951 1683 1084 massanensiesst
1698 932 1809 1066 nni·

740 1077 898 1143 timptator
913 1075 963 1131 da·
994 1077 1022 1126 in
1042 1066 1130 1129 fruiiu
1148 1089 1205 1128 non
1221 1087 1267 1142 stt,
1284 1065 1310 1146 d.
1329 1074 1358 1128 in
1374 1074 1503 1140 peccudum
1521 1072 1563 1146 57.
1583 1073 1672 1132 lassis·
1690 1076 1724 1131 ds
1750 1097 1802 1134 sss.

743 1145 859 1202 saionem
868 1146 964 1215 mittit,
993 1137 1070 1196 diuis.
1090 1139 1191 1198 ancilla
1210 1153 1300 1200 tamen
1318 1147 1423 1215 pignori
1442 1144 1560 1216 obligata
1590 1161 1681 1214 partus
1700 1163 1807 1216 quoque

743 1221 821 1278 ·itut‚·
838 1213 963 1285 generale
994 1222 1083 1277 postea
1099 1213 1190 1270 editus
1206 1210 1234 1267 in
1253 1229 1332 1268 causa
1350 1215 1376 1280 pi
1398 1214 1470 1270 noris
1487 1229 1537 1284 est,
1555 1187 1572 1270 Ι.
1596 1234 1618 1271 t.
1637 1218 1664 1271 C.
1676 1215 1709 1270 se
1723 1231 1804 1285 pastu

151 1297 236 1349 vato,
252 1283 275 1336 si
296 1286 333 1336 rei
351 1297 447 1335 servan
745 1286 853 1340 nomine
872 1285 963 1340 missio
991 1281 1109 1353 pignoris,
1129 1282 1147 1336 Ι.
1152 1279 1295 1354 fidejussor·
1314 1281 1356 1338 26.
1366 1228 1401 1410 ἷ-
1421 1285 1469 1339 uls.
1477 1279 1543 1353 ffb.
1555 1301 1574 1340 s.
1593 1287 1715 1343 simodo
1731 1304 1799 1342 con·
1862 1315 1871 1326 ·

146 1349 219 1409 faiis
236 1346 473 1410 sit.Sed&cumi
747 1349 882 1412 'cilionem
899 1355 962 1410 zdi-
992 1354 1119 1416 ceptus&
1136 1351 1224 1410 editus
1234 1357 1268 1407 sit
1279 1353 1349 1419 apud
1385 1350 1575 1412 ebitoremaut
1588 1353 1712 1412 heredem
1729 1351 1802 1420 cluss

146 1418 204 1475 ficii
222 1423 318 1492 pignus
336 1416 420 1488 legale
439 1421 466 1472 in
750 1425 805 1480 aud
819 1423 962 1498 egreditur,
993 1419 1036 1476 vel
1056 1433 1165 1478 tantum
1181 1435 1325 1491 conceptus
1343 1423 1414 1488 apud
1432 1423 1605 1493 debitorem,
1633 1423 1693 1481 licet
1712 1425 1798 1496 editu,

147 1489 278 1562 atqueita
350 1487 460 1546 ialeest.
749 1491 833 1552 *nibus
842 1506 962 1550 tutorum
992 1490 1062 1557 apud
1080 1493 1201 1558 tertium,
1223 1490 1306 1549 veluti
1324 1505 1456 1549 amtorem
1475 1494 1493 1548 Ι.
1512 1497 1690 1550 siconvemsir
1712 1492 1749 1550 18.
1768 1491 1798 1568 ᾗ.

145 1559 291 1629 pusillum
338 1563 379 1613 nis
389 1558 461 1615 admi
754 1561 961 1635 teneralemby-
992 1559 1131 1632 sifursdus
1149 1576 1173 1616 a.
1188 1556 1266 1629 ffide
1281 1561 1407 1635 pigneras.
1427 1563 1479 1619 aet.
1499 1562 1515 1616 Ι.
1530 1582 1552 1620 s.
1566 1558 1644 1632 Μ
1661 1565 1801 1622 interdicis

144 1629 288 1698 pothecam
300 1627 390 1684 habet.
403 1627 470 1696 Spoc
755 1631 962 1706 gularespeter-
992 1629 1130 1699 Saluiano,
1147 1647 1179 1686 eo
1196 1630 1267 1700 quod
1285 1645 1351 1688 tunc
1367 1649 1400 1687 est
1419 1635 1595 1702 conceptione
1605 1634 1636 1690 in
1655 1632 1734 1691 bonis
1751 1637 1800 1692 de·

144 1702 285 1757 iarnceris
296 1703 461 1756 serununtv
758 1719 824 1760 saut
835 1701 962 1769 taberna,
992 1696 1087 1755 bitoris
1105 1716 1160 1757 esse
1177 1701 1275 1770 coepit,
1294 1705 1333 1757 uti
1351 1718 1433 1768 nepos
1450 1715 1594 1773 conceptus
1611 1717 1675 1762 ante
1692 1707 1733 1759 sui
1753 1723 1803 1771 pa·-

146 1782 209 1828 sunt
223 1767 359 1840 obligatas¹
377 1767 463 1854 Aege
760 1791 809 1844 sm,
828 1791 882 1830 non
893 1774 962 1836 ipsas
991 1774 1040 1825 tris
1057 1769 1302 1840 emancipationem
1320 1788 1401 1826 avum
1418 1775 1554 1846 sequitur,
1584 1765 1612 1846 §-
1629 1789 1686 1842 psn.
1708 1773 1801 1830 Insrir.

145 1853 252 1897 tantiam
270 1857 312 1896 res
329 1839 450 1911 pignoris
714 1859 845 1914 desae,
863 1843 908 1900 sed
933 1843 959 1898 ἃ
990 1836 1059 1910 quib.
1078 1837 1149 1893 mod.
1166 1841 1257 1908 patria
1271 1853 1383 1907 potestas
1402 1842 1520 1897 solvitur.
1546 1843 1599 1904 Sed
1617 1849 1640 1900 si
1657 1857 1802 1912 conceptus

143 1925 236 1968 earum
255 1911 420 1966 accessiones
436 1907 472 1962 ob
530 1917 571 1966 tas
589 1905 723 1982 intelligi:
749 1926 779 1969 ut
797 1927 888 1969 tamen
907 1911 960 1967 alia
990 1913 1018 1968 u
1035 1910 1124 1966 editus
1141 1915 1176 1971 sit
1194 1920 1288 1977 partus
1305 1911 1375 1977 apud
1385 1923 1523 1980 amtorem,
1542 1918 1647 1984 pignori
1664 1911 1802 1983 obligatae

146 1983 202 2038 sint
219 1980 368 2036 accessoria
395 1995 456 2034 cum
473 1979 662 2037 universitates
679 1998 767 2038 ratum
802 1999 882 2054 quam
899 1997 960 2038 cum
991 1987 1046 2035 non
1063 1993 1123 2049 est,
1139 1983 1202 2050 quia
1220 1995 1358 2048 nunquam
1385 1978 1517 2038 debitoris
1536 1989 1563 2038 in
1581 1982 1704 2040 clssrninio
1732 1980 1797 2040 suit.

146 2069 190 2108 res
206 2048 351 2130 singulares
367 2019 525 2130 bpposheca
534 2047 657 2122 abietis
675 2063 748 2108 stant.
770 2024 882 2110 ditenim
900 2069 960 2124 gre-
991 2048 1032 2104 Ac
1050 2049 1083 2106 de
1099 2066 1133 2106 oo
1149 2067 1212 2105 casu
1229 2049 1404 2119 accipienda,
1434 2069 1489 2118 que
1508 2070 1523 2106 a
1542 2050 1626 2109 Paulo
1644 2051 1749 2108 tradita
1768 2057 1798 2108 in

144 2139 178 2193 ge
197 2117 329 2190 obligato,
346 2124 428 2174 ctiam
446 2135 503 2190 qua
521 2133 614 2188 postea
632 2136 783 2180 nascuntur
798 2141 833 2180 ex
851 2140 884 2179 so
901 2139 959 2192 gre-
990 2121 1007 2174 Ι.
1017 2118 1118 2175 Paulas
1136 2122 1176 2175 uis
1195 2131 1237 2191 29.
1255 2110 1282 2192 §.
1296 2137 1318 2174 s.
1323 2116 1359 2189 ff.
1370 2118 1395 2174 Ι.
1406 2123 1464 2178 nin
1478 2121 1602 2189 quadrini
1620 2119 1723 2191 scribit,
1732 2119 1804 2192 qudd

142 2209 186 2313 glan
193 2207 277 2314 nizea,
295 2199 442 2314 tlesserrirffl,
458 2206 542 2314 usqisge
560 2191 648 2314 ascletoi13
667 2203 708 2262 ut,
726 2195 750 2249 si
767 2191 960 2327 decedenfflibug
988 2188 1436 2313 rissmsudicimus'sssssbsseagsass
1454 2195 1555 2275 sensui,
1573 2195 1614 2278 ita
1622 2195 1760 2318 bscessit,
1778 2193 1803 2316 s}

141 2277 306 2397 tdcttldsdbbsp,
327 2276 503 2384 nibilomdneub
520 2276 892 2401 ἀὲξξηᾶιιὲςῐξέἑξεέῗῃειῗιω
906 2279 958 2388 dard
989 2278 1216 2400 bdsndddd’sdsmsjdosrd
1223 2279 1377 2385 dasesosdsd
1391 2275 1596 2397 spsndpeddddlr'bbd
1607 2277 1803 2406 bodlddbbd-

145 2398 199 2456 buc
217 2399 288 2456 idem
305 2415 370 2470 gret
388 2397 475 2454 intelli
494 2411 567 2469 atur,
574 2399 590 2453 Ι.
597 2415 673 2486 grege
694 2398 734 2456 15.
744 2415 780 2470 ps,
790 2400 822 2472 ff.
833 2401 858 2456 b.
869 2419 890 2458 s.
900 2419 957 2474 arg.
986 2401 1118 2470 pressisset
1135 2419 1186 2454 noas
1203 2413 1280 2455 erunt
1297 2395 1432 2472 obligata,
1452 2402 1480 2454 in
1499 2399 1721 2458 verbisbnalibus
1738 2397 1804 2457 sub-

140 2468 160 2525 Ι.
168 2467 356 2538 proponebatur
374 2465 460 2539 pii-ff.
514 2468 640 2540 judicus.
660 2467 678 2526 Ι.
686 2489 761 2546 grege
779 2473 863 2546 iegato
880 2487 924 2528 ar.
939 2470 956 2524 Ι.
987 2468 1076 2525 audiri
1091 2467 1183 2539 debet,
1200 2465 1233 2529 Θ
1251 2472 1416 2538 conceperim,
1435 2484 1465 2524 ut
1492 2489 1587 2528 sensus
1602 2478 1648 2543 sit,
1665 2489 1699 2527 ex
1719 2487 1800 2525 man-

141 2534 225 2608 zaff.
235 2537 269 2592 ds
285 2538 376 2610 legatis
398 2555 420 2592 r.
439 2536 710 2614 'l'absrnaobligata,
726 2543 752 2598 si
769 2542 895 2600 dominus
914 2554 956 2598 ta·
987 2539 1063 2606 cipils
1080 2551 1145 2594 nata
1164 2535 1298 2595 non-iore
1317 2542 1442 2597 incensa
1460 2541 1590 2612 pignoris,
1608 2543 1631 2597 si
1649 2557 1705 2596 non
1723 2539 1796 2608 apud

144 2608 234 2668 &tna
252 2624 352 2666 merces
371 2609 433 2667 inde
449 2625 497 2677 pet
513 2621 636 2679 tempora
655 2611 827 2680 distraxerit,
842 2614 870 2670 os
888 2609 957 2666 alias
986 2625 1058 2680 eum,
1073 2609 1121 2680 qui
1137 2606 1279 2681 obligavit,
1295 2609 1341 2665 sed
1361 2608 1434 2676 apud
1448 2610 1538 2665 ulium
1554 2609 1691 2667 dominum
1708 2629 1800 2666 sonu·

141 2678 479 2752 comparaverit,·omnia,
497 2699 553 2760 que
572 2690 661 2750 postea
681 2681 709 2738 in
727 2699 759 2740 ea
778 2680 892 2738 taberna
910 2679 957 2737 de·
985 2679 1070 2747 perisse
1087 2696 1121 2732 ac
1133 2693 1163 2747 ps
1191 2679 1283 2734 resins.
1301 2675 1368 2736 Non
1387 2679 1524 2735 enimdici
1535 2694 1620 2746 potest
1637 2680 1800 2738 dominium

142 2747 401 2820 prehendentem
422 2749 483 2806 nori
501 2767 561 2807 esse
578 2748 731 2820 credantur,
750 2752 767 2806 Ι.
790 2769 852 2807 cum
869 2747 957 2806 saber
988 2761 1078 2817 partus
1095 2747 1130 2804 ad
1147 2693 1297 2804 AEbitorem
1313 2743 1483 2820 obligantem
1501 2746 1572 2806 baud
1591 2755 1753 2822 pervenisse,
1771 2750 1798 2805 si

140 2839 208 2876 stam
225 2813 269 2887 54.
285 2833 325 2888 ps.
337 2811 375 2886 ff
411 2835 458 2874 .s.
478 2815 565 2876 illatis
583 2814 746 2893 insediisque
764 2839 813 2891 pso
831 2825 957 2888 pensione
987 2818 1058 2886 apud
1074 2833 1137 2874 eum
1154 2815 1254 2874 ancilla
1270 2819 1444 2888 conceperit,
1473 2817 1535 2875 licet
1552 2821 1623 2886 apud
1642 2819 1725 2877 alium
1746 2836 1795 2888 pa-

140 2888 267 2961 obligatis
278 2889 341 2944 'sive
357 2907 391 2945 ex
411 2890 496 2944 tacita
511 2888 694 2950 consentione
712 2892 742 2947 in
761 2889 882 2962 urbanis,
899 2890 957 2946 sive
987 2891 1060 2958 siat,
1077 2902 1141 2941 cum
1166 2891 1195 2942 in
1214 2898 1294 2946 utero
1318 2889 1436 2944 existens
1455 2894 1586 2945 viscerum
1613 2905 1803 2947 maternorum

141 2977 176 3015 etr
193 2975 228 3015 ex
248 2975 319 3014 ressa
338 2960 368 3012 in
387 2959 505 3028 rusticis,
522 2977 579 3018 non
596 2977 628 3020 sa
643 2970 753 3018 tantum
770 2963 957 3030 continentur,
986 2975 1046 3028 pars
1064 2957 1120 3026 sit,
1137 2965 1216 3027 atque
1235 2961 1274 3013 ita
1291 2955 1396 3014 ancille
1413 2958 1541 3022 dominus
1560 2976 1615 3015 non
1634 2963 1717 3026 possit
1735 2976 1793 3015 non

62 3089 63 3092 Ἴ
141 3045 197 3097 qus
216 2977 252 3084 ab
269 3027 355 3082 initio
371 3025 477 3084 inseiis
496 3027 572 3088 illata
589 3043 665 3101 sunt,
682 3033 728 3090 ssd
745 3036 773 3093 ἃ
792 3051 849 3102 quae
867 3045 956 3105 postea
987 3039 1079 3101 pastris
1094 3043 1199 3096 quoque
1216 3031 1245 3082 in
1264 3038 1343 3082 utero
1360 3041 1483 3089 materno
1509 3028 1652 3086 existentis
1669 3029 1798 3086 dontinus

92 3155 104 3164 g
138 3097 216 3154 omni
234 3109 356 3166 tempore
374 3095 530 3169 locationis,
548 3099 670 3168 exemplo
687 3100 824 3160 lrudbsum
843 3103 873 3160 in
891 3121 956 3171 pra·
986 3119 1061 3170 esses
1080 3095 1303 3168 quemadmodum
1320 3108 1412 3166 partus
1440 3097 1545 3154 ancilla
1564 3093 1680 3156 furtivus
1696 3111 1755 3170 est,
1771 3103 1797 3152 si

138 3167 185 3224 dio
203 3169 304 3231 rustico
329 3178 387 3235 post
407 3173 623 3238 nasciturorum,
649 3171 684 3228 de
719 3173 797 3230 uibsss
817 3171 897 3230 latius
913 3173 954 3230 sis.
987 3169 1067 3228 modo
1084 3167 1154 3236 apud
1182 3165 1270 3224 iurem
1286 3180 1431 3238 conceptus
1447 3169 1501 3238 sit,
1526 3167 1591 3230 lieet
1615 3170 1703 3226 editus
1728 3163 1801 3234 apud

137 3252 164 3292 a.
184 3233 311 3309 Denique
327 3238 417 3294 etiam·
428 3237 535 3304 peculio
551 3238 675 3312 oblig'ato
690 3193 716 3311 (q
712 3243 785 3314 quod
807 3239 864 3301 fieti
882 3259 957 3312 posse
987 3239 1065 3297 bonu
1082 3237 1144 3296 ides
1164 3254 1353 3306 possessorem,
1371 3239 1389 3294 Ι.
1409 3241 1519 3310 quivas
1536 3255 1690 3312 qautenus
1708 3235 1753 3304 di.
1772 3227 1802 3306 d.

138 3317 212 3374 patet
231 3322 264 3374 ex
282 3309 301 3362 Ι.
314 3324 337 3362 ι.
356 3298 381 3374 d.
405 3305 470 3379 aff
486 3309 511 3365 b.
523 3325 545 3365 s.
562 3309 829 3377 comprehenduntur
845 3313 956 3382 omnia,
978 3303 1303 3380 ,ancillabffllsfussis
1332 3305 1365 3364 ln
1382 3321 1515 3380 quantum
1532 3321 1622 3366 maun
1639 3317 1733 3376 partus
1748 3324 1801 3362 an-

137 3393 194 3446 que
212 3389 271 3446 post
291 3367 424 3444 peculium
450 3377 602 3452 obligatam
619 3381 644 3438 ai
663 3375 769 3448 adlatis
787 3393 868 3449 sunta
898 3395 956 3438 tum
987 3377 1057 3436 cille
1083 3377 1209 3449 obligata
1227 3395 1284 3436 nou
1312 3378 1363 3434 nisi
1383 3379 1476 3444 positis
1493 3377 1573 3435 certis
1600 3395 1628 3432 re
1647 3377 1736 3433 uisitis
1764 3381 1793 3430 in

136 3449 200 3530 quis
218 3449 247 3502 its
265 3445 402 3507 asturem
417 3448 452 3506 cle
469 3449 573 3517 peculio
599 3452 713 3510 veniunt
729 3452 824 3508 omnia
842 3469 898 3521 qua
917 3453 956 3510 rei
985 3464 1066 3505 causa
1085 3449 1205 3520 pignoris
1223 3460 1273 3518 est,
1291 3445 1445 3504 in'tantutn
1463 3445 1620 3506 reuertens
1660 3445 1736 3523 acutas
1752 3464 1797 3501 ss-

57 3547 61 3555 =
137 3509 195 3588 sudi
229 3529 263 3575 tae
280 3531 400 3586 tempore
418 3522 446 3573 in
464 3537 497 3574 eo
514 3535 589 3590 sunt,
609 3519 781 3590 isauricum
798 3536 837 3576 us
863 3517 955 3592 daps.
985 3533 1049 3588 caps.
1074 3534 1138 3574 sens.
1165 3514 1225 3572 libs.
1261 3534 1289 3574 a.
1313 3520 1355 3574 sir.
1383 3515 1408 3574 5.
1436 3510 1461 3586 §-
1491 3534 1516 3572 a.
1544 3518 1670 3585 scripsit,
1694 3514 1796 3586 furans

129 3587 217 3659 ἘΛ
234 3590 349 3658 peculio,
380 3588 397 3643 Ι.
416 3588 551 3648 Fulcinius
571 3605 596 3663 7.
624 3583 892 3664 §.reputantem
915 3591 953 3650 15.
985 3587 1030 3646 ui
1048 3602 1163 3668 passum
1186 3588 1246 3659 sius
1264 3590 1322 3658 ssi,
1357 3604 1411 3656 pssae
1426 3589 1526 3658 pignori
1541 3585 1610 3642 dara
1643 3601 1694 3657 ess,
1707 3588 1799 3658 pigna-

134 3657 169 3728 ff.
186 3656 280 3728 quibus
296 3678 340 3731 sp
357 3662 475 3714 caurisiss
493 3673 596 3720 possm.
615 3679 713 3732 eatur,
738 3675 798 3719 tum
826 3665 889 3729 quia
906 3661 955 3720 sub
985 3661 1022 3715 sis
1034 3677 1100 3729 ysare
1118 3677 1168 3711 nus
1186 3659 1289 3728 sanni,
1307 3659 1360 3724 nisi
1378 3655 1424 3712 boe
1451 3659 1520 3713 intes
1537 3655 1719 3713 contradentes
1737 3675 1800 3712 cors-
1825 3673 1827 3680 ’

136 3725 305 3797 obligatione
330 3726 454 3785 bonosum
482 3726 574 3788 futura
591 3745 695 3802 ottoque
720 3733 908 3800 continentur,
937 3733 954 3788 Ι
986 3730 1107 3792 ueneritt
1123 3723 1225 3784 scilicet
1245 3745 1301 3784 non
1319 3726 1375 3794 ira,
1393 3738 1423 3782 ut
1441 3727 1498 3798 ipss
1515 3724 1639 3795 ancillas
1655 3735 1737 3795 atqie
1756 3725 1797 3782 ita

136 3797 187 3854 ait.
201 3796 229 3850 C.
239 3815 294 3866 qua
310 3816 351 3853 res
367 3796 517 3871 pigmaei
531 3815 597 3869 poss.
619 3798 754 3868 peculium
771 3813 863 3858 sutem
872 3800 955 3870 piuil-
984 3797 1037 3854 sibi
1061 3796 1212 3852 contrarius
1229 3811 1285 3852 non
1300 3808 1366 3854 ¹est.
1392 3793 1490 3868 Neque
1508 3794 1565 3865 bis,
1588 3815 1645 3880 que
1662 3796 1698 3854 de
1711 3808 1798 3920 lpartu

138 3867 196 3923 lum
224 3869 437 3942 patrimonium,
454 3867 574 3938 adeoque
599 3871 761 3928 universitas
778 3869 954 3940 quedambo·
984 3866 1040 3924 obli
1077 3877 1106 3922 to
1123 3862 1220 3936 ditia,
1234 3865 1411 3935 mastacius,
1428 3867 1501 3936 quod
1518 3868 1658 3934 mancspio
1672 3863 1800 3936 oblato

136 3952 237 3995 norum
253 3949 312 3995 est„
335 3935 408 3996 Tum
426 3939 552 4008 denique,
569 3945 631 4011 quia
649 3937 755 4006 peculio
774 3938 865 4012 legato
880 3957 953 3998 sao—
985 3931 1282 4007 pecuiumobligattm
1301 3941 1431 4002 nonsit,
1450 3936 1642 4004 obiexim&
1662 3935 1689 3994 ld
1706 3881 1802 3994 idum

137 4007 215 4063 mnia
230 4021 377 4068 censentur
394 4009 491 4081 legata,
509 4028 567 4081 qua
585 4021 644 4079 post
663 4023 856 4068 castanentum
872 4027 954 4078 usque
984 4017 1121 4077 appareat,
1141 4005 1157 4060 Ι.
1173 4022 1197 4060 r.
1214 3998 1240 4078 d.
1263 4023 1285 4062 s.
1296 4001 1480 4075 fflb.r.unde
1499 4007 1582 4064 videri
1600 4019 1696 4076 presset,
1714 4006 1799 4078 longe

136 4078 172 4136 ad
199 4088 315 4137 mortun
331 4079 436 4136 domini
461 4078 565 4145 peculio
585 4091 773 4146 accesserunt,
791 4071 817 4151 d
836 4081 862 4138 si
875 4096 954 4149 pecu
985 4082 1072 4134 nunus
1090 4089 1200 4142 patrum
1215 4074 1312 4136 debere
1329 4081 1432 4134 canuti
1448 4073 1613 4148 obligatum,
1628 4078 1695 4136 dum
1709 4077 1798 4150 magis

62 4215 65 4218 ,
135 4149 203 4206 lisam
222 4165 265 4204 ao.
284 4146 376 4205 lussit.
394 4148 561 4221 delegatis,
585 4148 603 4204 Ι.
624 4147 734 4218 unique
753 4151 865 4223 Pegasus
884 4145 908 4206 8.
926 4143 952 4220 d.
984 4147 1126 4218 peculium,
1143 4159 1226 4216 quam
1241 4143 1350 4216 qsriclem
1366 4159 1465 4214 partus,
1483 4149 1600 4216 mancipi
1614 4149 1733 4204 accessio
1749 4160 1800 4216 est,

133 4214 223 4288 arleff
231 4217 266 4273 de
280 4219 377 4288 patulis
396 4219 489 4294 iegato,
506 4229 536 4276 at
555 4216 630 4286 plura
649 4219 700 4276 sub
719 4218 849 4293 pignore,
871 4237 954 4291 quam
983 4235 1039 4304 arg.
1049 4210 1075 4290 ᾗ.
1086 4217 1111 4272 si
1127 4217 1184 4286 quis
1194 4209 1307 4273 ancilias
1321 4231 1361 4286 17.
1374 4214 1464 4272 [asab.
1475 4214 1508 4270 ds
1530 4216 1630 4290 legatis.
1649 4215 1799 4274 Sciendum

106 4286 186 4345 ¹sib
202 4287 315 4363 legato,
332 4291 487 4364 contineri,
512 4293 542 4345 in
559 4289 743 4362 sequentibus,
760 4309 835 4348 num.
866 4304 893 4361 9.
911 4289 953 4348 di·
983 4303 1069 4358 enum,
1086 4282 1290 4355 paculissmideo
1306 4285 1644 4362 obligatumnonintelligi
1664 4289 1730 4358 quia
1749 4305 1800 4344 ne-

135 4371 235 4418 cetur.
273 4422 276 4430 ,
983 4375 1035 4432 apte
1053 4353 1215 4412 naturaliter
1233 4371 1319 4424 seque
1334 4355 1452 4414 civiliter
1468 4374 1502 4413 ex
1520 4361 1656 4426 mancipio
1672 4354 1801 4428 obligato

169 4423 196 4484 fa
216 4427 249 4487 ln
267 4427 345 4486 rebus
372 4426 553 4501 singularibus
572 4429 681 4514 pignori
708 4427 837 4502 obligatis
855 4425 895 4484 ita
908 4423 954 4495 *itas
985 4429 1105 4494 tiasciuu
1122 4437 1170 4482 aut
1190 4425 1394 4494 proventurae
1411 4443 1532 4494 unquam
1549 4423 1602 4484 fuit
1612 4424 1738 4498 obligata
1756 4431 1798 4488 rei

22 4525 24 4530 ·
134 4509 191 4568 est„
208 4511 240 4555 ut
258 4501 287 4558 dr
306 4496 410 4558 faunus
428 4499 491 4556 inde
518 4501 578 4558 uati
597 4516 627 4553 sn
643 4503 866 4569 consequentiam
884 4495 954 4554 obli·
985 4515 1046 4567 pars
1077 4496 1118 4552 uti
1135 4495 1243 4565 quidem
1261 4495 1467 4564 pertusancille
1483 4499 1510 4554 ss
1529 4495 1666 4554 musrales
1683 4497 1799 4564 predio·

208 4573 274 4634 sint,
292 4568 356 4626 licet
374 4571 403 4628 ici
420 4564 643 4642 espsesssabium
661 4587 718 4628 non
735 4573 784 4638 sit,
801 4568 822 4625 Ι.
830 4571 954 4638 quamvis
986 4579 1046 4626 trun
1077 4561 1177 4633 ruditu)
1193 4565 1240 4622 sed
1250 4563 1358 4625 aliunde
1372 4566 1485 4635 accedit,
1503 4568 1530 4624 ot
1548 4583 1590 4626 tes
1606 4580 1728 4636 separata
1743 4579 1798 4624 est.

148 4639 237 4696 suidas
256 4637 287 4698 5.
303 4640 368 4696 C.iss
383 4639 454 4711 quib.
466 4659 540 4698 saus.
549 4640 670 4713 pigrum
683 4635 784 4710 pypprb.
795 4639 877 4694 cassu
894 4658 955 4695 coss·
984 4633 1047 4698 Nec
1064 4637 1155 4695 dicam
1170 4647 1279 4704 partum
1295 4631 1390 4694 soetum
1399 4631 1567 4708 studiumque
1585 4637 1799 4710 nonitavagam

134 4705 205 4764 asab.
225 4703 403 4768 Nonaamen
420 4709 517 4768 eodem
534 4711 632 4768 modo.
652 4707 684 4768 Si
702 4715 776 4770 unm
794 4719 857 4779 post
876 4706 955 4766 litem
986 4710 1013 4768 δι
1034 4709 1169 4766 incertam
1188 4721 1219 4762 ac
1237 4709 1266 4760 in
1284 4704 1423 4766 nanuum
1440 4707 1591 4778 augendam
1619 4707 1802 4764 accessimm

10 4827 11 4830 ,
134 4779 245 4838 demum
261 4791 443 4838 contutatum
455 4782 572 4852 percepti
584 4776 698 4850 suerint,
717 4780 794 4837 omni
811 4779 895 4838 mmo
912 4791 954 4838 te·
986 4797 1063 4848 esse,
1079 4791 1160 4846 atque
1176 4775 1286 4847 quidem
1311 4790 1352 4836 est
1371 4774 1505 4847 pedalium
1531 4779 1560 4835 in
1575 4782 1732 4850 immersum
1748 4791 1800 4835 ets·

112 4863 234 4916 ,pertus
250 4851 379 4917 astum
395 4869 446 4924 pto
460 4851 549 4914 debiti
566 4851 721 4922 manuue,
737 4849 843 4922 quoties
860 4851 950 4932 suinoy
988 4861 1110 4924 crescere
1134 4846 1245 4916 saunas
1271 4847 1383 4918 proinde
1399 4843 1539 4920 probabile
1540 4865 1614 4937 pou
1629 4866 1703 4918 esse,
1718 4863 1829 4921 eum„

1635 5086 1649 5116 1
