4022 5358
318 207 366 312 ri
437 213 441 220 '
891 205 895 211 '
975 225 1045 292 ru.
1065 221 1091 286 r.
1108 221 1227 292 arca

267 335 316 394 per
333 320 411 377 varia
428 315 543 378 allorum
561 307 872 394 magistratuum'etiam
889 313 1081 380 remotissimis
1100 337 1135 378 ne
1151 333 1186 376 ex
1203 311 1332 374 comitate
1346 309 1457 384 quidm
1473 309 1637 392 numium
1652 302 1917 385 itt-quisimbiilti

261 393 301 452 ad
317 395 451 450 orientem
467 391 578 449 occiduu
624 409 655 448 ue
673 390 795 452 Solem'r
828 387 936 450 ionibus
962 394 1070 462 imperi·
1099 386 1233 450 domicilii
1250 387 1381 446 dominici
1397 397 1572 458 sequerentur
1589 398 1683 465 pura„
1756 441 1762 450 ,
1898 438 1900 446 ,

263 463 590 538 ιιιιιίιιιιιιειιὶιοιίιι.δ1
651 463 789 530 considera
830 477 876 519 um
901 463 1017 532 quadam
1036 461 1068 521 li-
1138 475 1178 517 12.
1195 459 1325 518 Ceterum
1343 468 1374 514 ut
1391 459 1481 514 minus
1499 451 1615 512 feliciter
1640 464 1768 524 privatus
1795 451 1911 524 quisque

261 531 352 592 stione
371 529 445 604 iuris,
463 551 507 590 seu
523 531 611 605 malis,
629 535 829 606 praesumtione,
844 531 914 592 hanc
928 533 963 591 de
980 534 1069 592 mobi-
1099 532 1128 590 in
1146 533 1275 590 socieate
1292 528 1368 588 civili
1387 528 1473 584 vitam
1491 517 1676 608 immediatus
1693 537 1747 596 est,
1765 523 1789 580 si
1815 533 1914 580 ututur

262 602 335 662 libus
352 604 608 662 determinationem
624 617 784 674 conceptam
809 605 880 662 niti:
907 621 970 662 cum
994 605 1069 664 enim
1097 597 1188 660 osticia
1204 602 1269 661 dare
1296 599 1368 670 aliis,
1386 614 1418 654 ac
1445 600 1569 654 vicum.
1582 611 1612 650 ιιι
1629 594 1905 673 suumcommodum

260 686 337 732 certo
353 673 496 747 stabilique
513 673 567 729 hac
584 677 639 730 situ
657 690 777 747 careant,
796 695 845 734 nec
858 686 934 732 certo
951 677 1010 734 sint
1026 675 1068 734 al-
1098 671 1133 730 ab
1149 673 1209 730 aliis
1226 673 1342 741 recipere
1359 681 1484 738 respuata
1503 665 1565 723 iicet
1586 663 1656 724 nutu
1678 663 1809 732 iniuriam
1828 661 1913 723 insere

260 742 349 818 ligata
367 743 436 816 loco,
454 745 500 802 sed
517 745 551 802 ad
570 743 712 801 arbitrium
730 747 835 804 domini
847 745 1024 818 undequaque
1037 749 1067 805 in
1098 763 1126 804 re
1143 745 1199 803 dici
1217 745 1310 812 possit,
1327 742 1351 798 si
1367 739 1438 796 duro
1465 737 1576 796 vivendi
1590 753 1693 862 fruere
1710 733 1764 819 sibl
1791 733 1914 820 placens,

259 813 394 874 domicilii
412 815 500 872 locum
527 818 649 872 revocari
676 812 755 872 sacile
771 835 802 874 ac
831 817 922 876 reduci
954 824 1067 890 possint,
1097 817 1125 874 ir
1142 813 1260 872 aliorum
1277 813 1404 884 spermiu
1421 809 1541 878 debrias,
1560 823 1590 866 re
1601 817 1696 876 loquat
1714 802 1789 889 airis,
1809 821 1868 874 qua
1885 823 1912 860 r-

187 907 190 914 ·
260 887 291 944 dr
308 887 455 942 maximum
472 887 585 944 domino
602 883 756 959 plerumque
772 887 945 946 coinredum
961 885 1067 948 adfare
1097 901 1204 953 prorum
1230 899 1294 944 sunt
1332 881 1437 950 sibique
1464 896 1512 938 rua
1529 889 1629 950 servet,
1656 893 1735 934 omns
1763 875 1913 948 repudiato

259 954 579 1028 soleant,cumeisunt
598 960 870 1026 presentir31virum
901 956 956 1016 fuit
994 957 1066 1016 itanc
1096 957 1250 1014 commercii
1267 956 1403 1024 onciique
1429 945 1548 1008 liberalis
1566 964 1630 1006 ιιιιιε
1661 948 1701 1004 ita
1720 962 1827 1020 quoque
1855 947 1911 1008 nisi

260 1026 326 1084 inde
343 1024 525 1096 conjeiiuram
542 1045 657 1099 surgere,
675 1027 745 1097 quod
763 1029 890 1087 dominus
908 999 976 1090 veli
1000 1049 1066 1090 cen-
1097 1032 1268 1100 magistratus
1293 1015 1464 1082 diversaruui
1485 1021 1635 1092 regionum,
1663 1035 1714 1076 nec
1730 1015 1786 1076 sibi
1810 1030 1911 1078 mutuo

261 1109 364 1168 seatur,
382 1113 412 1154 ur
432 1097 489 1154 illic
506 1099 601 1154 omnia
618 1115 666 1154 sua
683 1099 739 1156 sint
757 1099 880 1172 strobilia,
897 1111 946 1158 aut
970 1099 1067 1160 mitern
1097 1117 1146 1156 nec
1164 1097 1246 1154 tertio
1263 1096 1395 1164 superiori
1411 1089 1491 1152 simul
1509 1102 1642 1169 parentes,
1660 1087 1774 1146 subinde
1798 1085 1909 1148 nonni·

260 1185 317 1226 esse
344 1165 543 1240 intelligantur,
569 1165 617 1225 ubi
645 1165 819 1228 fortunarum
844 1187 953 1230 suarum
979 1169 1066 1232 larem
1096 1165 1136 1223 hii
1153 1166 1189 1232 de¹
1203 1185 1253 1227 suo
1271 1170 1414 1224 remittant
1431 1165 1520 1236 rigore
1539 1163 1603 1230 puris
1619 1158 1742 1229 superias
1759 1159 1906 1242 exposito,

261 1253 443 1308 stimme&
469 1240 621 1310 constituit,
647 1240 674 1298 id
700 1254 752 1314 est,
778 1242 809 1299 in
834 1241 896 1300 ioco
917 1241 1065 1301 domicilii.
1095 1241 1124 1298 br
1141 1251 1233 1296 mutua
1249 1241 1379 1296 comitate
1396 1235 1465 1292 alter
1483 1231 1596 1290 alterius
1616 1247 1686 1298 iussa·
1704 1227 1820 1302 benigne
1838 1245 1912 1302 proq

259 1306 380 1368 Proinde
397 1313 420 1368 si
437 1309 502 1378 quid
518 1307 648 1367 domicilii
669 1313 749 1384 ruder
775 1314 959 1387 constituerit,
985 1314 1014 1374 id
1031 1317 1066 1374 ad
1096 1307 1151 1380 bet,
1177 1323 1239 1368 rata
1265 1307 1375 1380 habear,
1401 1313 1617 1378 promoveatque,
1643 1301 1781 1358 dur-torem
1809 1299 1912 1360 reddet

246 1379 377 1437 mobilia
394 1379 545 1450 ubicunque
558 1381 611 1438 sita
630 1397 686 1440 non
703 1381 758 1438 alia
775 1383 922 1452 pertinebit
950 1385 1066 1456 ratione,
1096 1377 1268 1452 plurimisque
1294 1377 1426 1436 molestiis
1451 1377 1480 1435 ir
1506 1370 1714 1432 difficultatibus
1741 1367 1911 1438 implicitam

261 1466 347 1524 quam
359 1455 422 1523 quia
439 1450 487 1506 illa
505 1459 535 1514 in
551 1452 562 1504 i
579 1467 608 1508 so
624 1452 756 1510 domicilii
774 1454 1066 1525 locoesseconcipiun-
1096 1445 1274 1520 subjetiorum
1286 1459 1399 1508 'erorum
1416 1445 1611 1516 conditionem,
1629 1445 1657 1502 ir
1676 1454 1707 1499 ut
1721 1437 1794 1498 bene
1820 1453 1909 1514 gesta,

261 1535 317 1578 tur.
344 1521 509 1595 Gilltenius,
537 1469 720 1596 ciaconius,
747 1521 870 1597 recito,
896 1523 1065 1600 Peregrinus,
1095 1521 1214 1594 decreta,
1230 1523 1337 1578 sancita
1355 1519 1470 1576 aliorum
1488 1517 1598 1588 quisquc
1625 1508 1814 1596 conturbabit,
1843 1511 1908 1570 sub-

238 1631 242 1642 .
261 1589 382 1666 Giurba,
399 1591 497 1664 aliique
513 1590 621 1676 allegati
640 1596 710 1664 apud
727 1607 833 1666 parent.
851 1614 877 1666 p.
896 1611 975 1655 mem
995 1595 1065 1656 Pau·
1096 1604 1193 1659 vertet,
1211 1591 1383 1659 infirmabit3
1409 1593 1449 1647 ita
1465 1603 1513 1646 sua
1533 1586 1652 1655 vicissim
1670 1579 1705 1638 ab
1722 1579 1786 1639 airis
1811 1581 1907 1640 teuba-

259 1661 320 1720 iunr
339 1661 409 1722 Voet
426 1663 459 1718 dc
476 1679 585 1720 statuto
603 1664 665 1721 seii.
683 1661 710 1734 d.
728 1681 785 1736 cap.
805 1683 830 1724 a.
858 1664 976 1725 nartali
1006 1665 1065 1728 Ro·
1096 1664 1136 1734 ri,
1164 1657 1291 1736 infringi,
1318 1657 1435 1722 rescindi
1462 1658 1591 1730 patietur,
1610 1652 1744 1736 talionis,
1761 1654 1791 1714 dt
1808 1653 1908 1712 summi

261 1732 402 1792 tienbttrch
420 1731 452 1789 dr
474 1734 534 1801 iure
560 1734 700 1809 conjugum
728 1735 808 1793 reati.
835 1739 1005 1806 praeliminare
1034 1737 1067 1796 de
1096 1727 1161 1801 iuris
1179 1737 1297 1792 ratione.
1313 1729 1447 1804 Quamvis
1463 1745 1527 1802 ergo
1543 1745 1560 1783 a
1577 1725 1687 1783 statutis
1703 1741 1758 1784 surr
1778 1722 1908 1798 realibus,

260 1819 358 1862 statur.
376 1795 493 1861 diversit.
512 1805 554 1860 rit.
576 1822 598 1861 ι.
617 1817 718 1873 capa.
736 1806 807 1863 circa
817 1807 870 1884 fin.
888 1805 1002 1868 illarius
1029 1809 1071 1866 ad
1096 1821 1174 1862 sensu
1197 1815 1268 1874 ante,
1287 1804 1364 1876 dato,
1383 1801 1570 1876 magistratum
1597 1811 1735 1868 cupasque-
1749 1792 1804 1852 loci
1832 1798 1909 1853 circa

261 1875 308 1934 ior
326 1871 423 1931 Lubet.
439 1889 528 1958 quere.
545 1874 683 1944 pretiosio.
702 1876 728 1933 5.
747 1898 821 1934 nure.
840 1874 882 1934 au.
903 1877 946 1949 ai.
974 1875 999 1938 T
1019 1899 1066 1939 ra.
1097 1874 1247 1934 immobilia
1276 1892 1311 1930 ne
1328 1873 1414 1946 lacum
1442 1869 1550 1944 quidem
1577 1881 1752 1946 unguentes
1774 1865 1921 1924 comitate·

281 1943 366 2004 uellus
382 1943 491 2020 ⁸dejure
504 1946 665 2021 primogenio.
684 1967 727 2020 qu.
745 1945 789 2015 di.
808 1947 947 2019 Responsa
973 1949 985 2009 J
1002 1951 1064 2012 icor,
1095 1947 1226 2018 recedere,
1242 1946 1289 2004 sed
1307 1963 1355 2003 suo
1373 1945 1507 2004 mordicus
1525 1937 1656 1996 inherere
1669 1935 1735 2009 ruri,
1761 1941 1907 2012 experien-

294 2015 340 2072 oll.
355 2031 426 2085 part.
444 2011 470 2070 3.
489 2015 539 2094 ool.
558 2031 583 2071 a.
602 2017 690 2074 conrii.
714 2013 771 2077 138.
787 2041 862 2078 narn.
885 2019 925 2079 ru
944 2019 978 2084 (5
996 2042 1064 2096 seqq.
1095 2015 1135 2071 tia
1153 2027 1274 2086 testetur,
1298 2027 1379 2085 atque
1398 2015 1463 2075 inde
1491 2008 1643 2068 immobilia
1660 2024 1718 2065 uon
1741 2003 1797 2064 alia
1825 2021 1909 2077 quarn

261 2085 294 2144 Si
313 2099 406 2144 tamen
424 2083 473 2142 iras
490 2089 554 2156 ruris
572 2082 691 2146 biiionea
727 2091 766 2147 uis
784 2107 801 2146 a
819 2090 933 2149 rarione
952 2102 1065 2151 natura.
1096 2083 1149 2142 ioci
1166 2089 1233 2146 situs
1251 2084 1308 2158 lege
1335 2088 1401 2160 regi,
1420 2081 1586 2142 tralaticium
1612 2081 1657 2137 sit.
1670 2130 1673 2136 .
1686 2077 1758 2138 Vide
1776 2073 1908 2136 Meuium

260 2158 295 2229 li,
312 2159 343 2213 in
361 2155 432 2212 hisce
448 2153 535 2212 solum
551 2109 747 2216 consideranda
772 2159 876 2220 alienas
894 2164 1066 2236 puretsquip-
1096 2153 1137 2212 ad
1142 2155 1194 2228 jur
1210 2155 1354 2214 Laborem.
1382 2171 1471 2227 quest.
1488 2153 1597 2224 pretim.
1614 2148 1641 2206 6.
1661 2163 1750 2232 raro.
1781 2144 1815 2209 (¹5
1834 2165 1902 2234 seqq.

261 2245 296 2300 pe
313 2227 493 2284 desiderantes
509 2243 593 2283 unum
610 2244 779 2289 communem
796 2231 986 2304 legislatorem,
1009 2232 1066 2309 lege
1097 2223 1188 2298 ibique
1206 2223 1270 2284 Di).
1288 2223 1430 2286 mobilium
1448 2238 1539 2282 tamen
1568 2222 1676 2278 ratione
1694 2235 1725 2274 ιιι
1743 2219 1906 2288 disposrtlo-

260 2311 311 2357 sua
328 2291 448 2354 turones
476 2295 542 2356 tales
568 2297 785 2359 introducentem
812 2319 844 2360 ac
860 2301 1066 2377 stabilientem,
1099 2295 1180 2354 nibus
1200 2298 1419 2370 testamentariis,
1438 2297 1502 2355 dum
1512 2295 1649 2364 quaritur,
1664 2307 1703 2374 ΞΠ
1722 2285 1775 2343 ¹¹¹⁸
1788 2289 1824 2374 ΞΠ
1841 2289 1907 2348 uni‘

260 2385 320 2430 non
347 2365 470 2438 equidem
493 2372 705 2442 repugnaverim
730 2385 811 2444 atque
828 2371 897 2430 adeo
921 2385 987 2432 tunc
1014 2374 1066 2434 hoc
1097 2385 1202 2430 versum
1220 2369 1406 2436 permittenda
1423 2368 1479 2424 sint
1497 2385 1546 2423 nec
1564 2383 1608 2431 ne,
1630 2373 1671 2420 uu
1689 2361 1719 2418 &
1736 2357 1772 2442 ab
1789 2371 1906 2416 intesta-

261 2441 349 2509 lpsum
371 2438 505 2509 comitati,
531 2456 612 2510 quam
637 2457 701 2511 geras
726 2446 803 2515 genti
829 2453 946 2516 prestat,
971 2447 1066 2526 stragis²
1096 2451 1125 2495 to
1142 2438 1360 2508 successionibus,
1378 2433 1572 2496 donationibus
1592 2437 1664 2493 inter
1682 2447 1810 2503 conjuges
1834 2431 1906 2487 veti·

260 2523 342 2582 quam
359 2506 442 2580 rigori
460 2507 574 2594 juris3&
590 2527 698 2588 summo
723 2515 862 2587 potestati,
886 2531 967 2586 qoam
994 2519 1065 2589 quio-
1095 2509 1130 2564 tis
1148 2512 1327 2582 permississe,
1344 2501 1709 2578 &aliissimilibuadeiuris
1725 2503 1815 2574 rigore
1831 2515 1906 2557 com·

260 2597 315 2654 que
332 2581 500 2704 magistratus
519 2597 550 2634 ιιι
567 2578 680 2637 mobilia
695 2598 745 2643 suo
771 2583 801 2640 in
834 2585 975 2644 territorio
997 2604 1064 2647 eon·
1095 2580 1171 2638 muni
1184 2581 1260 2650 quusi
1277 2581 1401 2652 gentium
1417 2581 1541 2637 munium
1558 2569 1823 2658 ⁶0ssse¹1⁵ulffit³ilim
1842 2583 1906 2637 estc

260 2653 359 2710 stituta
397 2648 460 2706 abet
487 2649 694 2709 adscribendum
711 2663 809 2720 putem
829 2651 980 2716 Praesertim
1002 2674 1065 2716 cum
1094 2653 1132 2708 sic
1150 2665 1180 2710 ut
1197 2669 1232 2710 ex
1251 2649 1381 2709 comitate
1400 2647 1517 2721 proiciia
1535 2643 1627 2718 regula
1646 2659 1724 2716 praxi
1750 2639 1900 2720 universali

261 2721 414 2789 considero,
431 2690 544 2802 suirinde
562 2740 607 2792 per
624 2723 797 2794 nugistratus
814 2721 878 2810 ioci,
894 2730 923 2783 in
941 2744 1064 2799 quomo·
1094 2719 1250 2793 invaluerit,
1259 2719 1369 2778 mobilia
1380 2727 1408 2778 in
1423 2718 1505 2778 <lubio
1523 2719 1596 2790 still
1628 2713 1724 2786 eloci,
1743 2716 1787 2798 ¹¹¹,
1806 2729 1840 2772 ¹¹0
1859 2727 1906 2769 ω·

260 2790 329 2850 billa
350 2807 411 2846 vere
428 2803 558 2869 existunt,
575 2791 609 2850 de
628 2791 683 2848 illis
699 2811 731 2851 ea
749 2795 878 2855 constitus
905 2800 1064 2872 concitique,
1093 2807 1154 2848 rum
1170 2792 1295 2850 dominus
1311 2791 1480 2850 domicilium
1498 2789 1616 2862 fovet‚u
1637 2787 1750 2856 icunque
1810 2797 1906 2842 avere

260 2881 320 2934 qua
335 2860 469 2938 domicilii
486 2862 568 2930 podii
585 2861 723 2932 displicere
749 2878 864 2936 possent.
891 2863 967 2938 Quid
992 2873 1066 2930 enim
1093 2864 1255 2921 erottrerint.
1276 2859 1327 2920 Uti
1342 2862 1397 2921 suis
1425 2867 1477 2918 ista
1494 2862 1564 2919 locis
1588 2857 1691 2928 plenius
1718 2849 1906 2913 confirmando

261 2937 286 2992 si
302 2929 435 2990 domicilii
453 2931 530 3000 ludet
547 2928 682 2990 frumenta
701 2936 842 3005 importari
857 2933 959 3012 jubeat,
979 2957 1063 3010 penu-
1093 2947 1182 3005 erunt,
1199 2936 1242 2990 rit.
1261 2931 1292 2988 de
1309 2930 1398 2990 donau
1418 2937 1486 2994 inter
1505 2935 1553 2990 vir.
1573 2929 1606 2992 ts
1623 2947 1694 2986 uxor.
1712 2926 1756 2983 tit.
1781 2923 1814 2980 de
1841 2941 1904 2982 5¹¹⁶*

259 3005 304 3062 ria
321 2997 429 3074 snrgunt
447 3013 545 3072 uexata
562 3003 690 3074 regiones
717 3003 810 3062 incola
827 3026 882 3078 ,spe
908 3005 977 3066 lucri
1005 3026 1064 3070 ma-
1093 3001 1226 3061 cessionib.
1246 3001 1281 3062 ab
1298 3003 1424 3062 insertato
1442 3002 1489 3062 lib.
1510 2999 1555 3060 38.
1574 2997 1705 3063 alibique.
1849 3059 1856 3076 ⁸

258 3071 326 3143 i0fl⁵
343 3067 479 3129 frumenta
496 3088 554 3143 sua,
571 3073 601 3129 in
618 3072 672 3130 alia
690 3077 801 3148 regione
819 3074 925 3136 horreis
940 3081 1063 3138 recondi·
1131 3069 1172 3131 13.
1191 3072 1286 3147 Neque
1304 3076 1394 3132 minus
1410 3075 1444 3136 de
1466 3073 1575 3134 saturis
1593 3071 1695 3144 mittis,
1713 3064 1786 3126 auus
1812 3081 1905 3136 qutu·

99 3195 103 3206 ,
151 3209 156 3223 .
259 3157 302 3216 ra,
319 3140 420 3200 inserte
437 3139 579 3213 desideret,
597 3145 703 3218 regioni
722 3163 785 3203 vero
802 3146 849 3203 isti
876 3149 1011 3226 imperans
1033 3169 1063 3208 ο-
1092 3161 1143 3216 que
1159 3142 1290 3204 solemnia
1308 3144 1521 3224 respicientibus,
1544 3141 1706 3214 percrebuit,
1724 3139 1832 3205 insuper
1850 3133 1901 3191 ha·
1993 3165 2000 3176 ’

261 3229 354 3272 crinem
372 3213 489 3270 vetuerit
508 3207 615 3284 furgum
630 3217 859 3286 exportationem,
877 3233 936 3287 rure
962 3236 1010 3277 suo
1032 3222 1062 3280 iu
1093 3214 1157 3271 bitis
1170 3214 1204 3272 de
1220 3231 1325 3272 summO
1351 3231 1476 3282 cuiusque
1503 3213 1561 3284 iure
1578 3228 1609 3268 ³⁶
1635 3219 1768 3279 i>0t²⁸tate
1790 3207 1906 3288 ¹³59&

257 3285 303 3342 sui
321 3283 451 3342 territorii
479 3279 621 3341 frumentis
646 3286 730 3344 uuis?
756 3281 826 3358 Quis
843 3285 907 3358 hic,
931 3287 1063 3365 obsecro,
1093 3286 1156 3356 niis,
1174 3285 1209 3342 acl
1227 3283 1397 3342 validitatem
1414 3281 1488 3343 auus
1505 3279 1630 3352 cujusque
1646 3275 1770 3340 Sililioefe
1789 3273 1902 3334 admi·

257 3371 362 3429 negare
378 3358 516 3423 sustinoet,
532 3353 678 3412 mobiliar
712 3355 794 3430 ilege
813 3357 875 3430 loci,
893 3359 923 3418 in
939 3376 993 3431 quo
1016 3381 1063 3422 ve·
1091 3357 1195 3413 tionem
1220 3353 1431 3427 solemnitatum,
1458 3370 1521 3428 quas
1551 3351 1593 3410 ¹0¹
1611 3349 1675 3422 ¹⁰⁶ls
1702 3353 1732 3405 ¹¹¹
1751 3363 1807 3423 quo
1825 3343 1903 3404 ³3¹*

259 3441 292 3484 re
308 3437 382 3497 sunt,
400 3440 455 3480 non
482 3426 512 3481 in
539 3441 592 3493 quo
617 3424 654 3483 ob
699 3427 849 3486 omiciiium
876 3430 980 3489 domini
1007 3437 1062 3492 eise
1091 3426 1201 3502 geritur,
1238 3424 1407 3494 rescripserit
1434 3423 1617 3482 observandis
1635 3423 1697 3490 isle
1714 3431 1746 3477 ut
1774 3416 1846 3488 ΨΜ
1864 3417 1905 3475 ita

259 3493 411 3567 linguntur.
428 3493 507 3552 Adue
524 3493 649 3552 Censuit.
666 3495 758 3556 ictor.
776 3495 851 3556 Holi
866 3515 937 3569 part.
956 3516 981 3558 a.
1002 3521 1062 3560 con·
1091 3509 1194 3570 gestum
1242 3499 1302 3568 etit,
1320 3514 1375 3554 sese
1392 3497 1513 3566 porrigar
1531 3493 1567 3552 ad
1586 3490 1658 3550 bona
1669 3487 1783 3550 mobilia
1801 3489 1830 3548 ἂ
1849 3489 1903 3543 lm·

259 3568 303 3622 sii.
326 3583 348 3622 r.
367 3585 433 3622 verr.
452 3562 772 3626 perditissimorum.
790 3566 851 3628 Nec
868 3571 959 3628 minua
977 3573 1006 3631 id
1032 3573 1062 3632 in
1092 3565 1204 3624 mobillss
1221 3565 1375 3635 ubimnque
1391 3574 1442 3625 Sita
1469 3567 1531 3624 allis
1549 3565 1579 3621 in
1608 3563 1764 3638 leffilOfliS,
1787 3573 1904 3629 Quonim

259 3651 350 3694 rerum
366 3633 592 3706 publicationibus
608 3654 641 3694 er
658 3634 757 3696 deliiio
774 3653 893 3712 apparet,
907 3641 948 3712 ‚in
976 3659 1062 3715 quan·
1092 3637 1162 3710 leges
1179 3634 1259 3713 longe
1277 3635 1371 3710 alium,
1390 3635 1521 3712 longeque
1540 3633 1690 3706 pleniorem
1704 3633 1844 3705 reqmmnt
1859 3645 1904 3685 ⁸⁰·

182 3716 201 3788 ’1
260 3721 321 3766 tum
340 3705 401 3764 iisco
419 3705 471 3762 loci
501 3706 530 3762 in
547 3723 678 3777 quorsus
705 3709 902 3770 condemnatus
927 3723 978 3782 est,
1005 3730 1061 3772 non
1092 3707 1220 3770 lemnitun
1237 3711 1441 3778 interventuma
1469 3709 1540 3782 quui
1558 3708 1598 3764 lt²
1625 3705 1753 3776 placuisse
1782 3699 1901 3774 videtur,

258 3789 323 3846 supr
340 3791 447 3837 ceretro
472 3747 544 3860 isone
567 3779 660 3835 omnia
686 3776 797 3837 mobilia
823 3779 975 3851 ubicunque
1000 3783 1062 3853 sita,
1093 3791 1161 3848 tum,
1179 3778 1263 3836 nein
1282 3775 1423 3838 inlinitum
1441 3798 1523 3851 prope
1541 3775 1788 3852 multiplicarentur
1811 3775 1840 3833 ἃ
1859 3779 1901 3856 ²⁸?

257 3847 307 3908 sed
325 3865 357 3906 ea
375 3845 452 3931 sola,
462 3865 517 3918 qua
536 3865 565 3905 m
591 3846 652 3904 loco
678 3851 885 3909 condemnantis
913 3851 1062 3912 inveniun-
1091 3860 1224 3910 ramenta
1242 3851 1271 3910 tir
1288 3847 1453 3924 concretius,
1481 3869 1530 3922 pro
1548 3865 1659 3908 numero
1676 3850 1828 3919 redimimus
1856 3841 1901 3899 ὼ·
1988 3911 1993 3920 .

259 3932 326 3985 rur,·
345 3918 398 3975 nisi
415 3919 489 3975 aluid
505 3935 538 3976 ex
555 3921 683 3978 comitate
700 3918 799 3978 alicubi
816 3935 985 3994 servetur,ut
1003 3921 1062 3992 plu·
1093 3936 1170 3977 verso
1187 3917 1245 3990 jure
1261 3921 1333 3977 circa
1350 3921 1482 3980 solemnis
1495 3922 1655 3990 ,utentiuma
1672 3929 1753 3987 atque
1771 3915 1811 3971 ita
1827 3927 1902 3969 sum·

259 3987 336 4072 tibus
350 3989 471 4047 dicento
487 3991 531 4046 tir.
542 3987 581 4072 'dr
596 3986 669 4048 ionis
686 3988 887 4078 damnatorum.
905 3989 965 4052 Nec
973 3992 1063 4050 dicam
1092 3991 1143 4074 mis
1159 3989 1361 4060 implicarentur
1379 3993 1518 4062 molestiis,
1544 3985 1719 4116 ambagigus,¹
1731 4003 1763 4045 ac
1781 3979 1902 4070 difficul-

251 4057 662 4132 ·vatrarederebtuqutbcudom
678 4058 988 4190 locorumsslurrmorrun
1005 4075 1070 4137 sta-¹
1092 4059 1204 4134 tatibus,
1221 4077 1351 4132 quotquot
1369 4061 1469 4136 atium,
1487 4083 1527 4120 res
1545 4060 1631 4131 plures
1649 4055 1770 4129 purrbus
1787 4073 1818 4111 tn
1832 4053 1900 4113 locrs

258 4141 430 4202 tesaurum
449 4129 596 4189 nobilibus
610 4129 716 4201 ilie,an
727 4135 809 4190 immo
830 4131 911 4192 ilibus
919 4151 1062 4201 accensen·
1092 4133 1159 4188 sitas
1176 4145 1394 4208 concernentem,
1410 4134 1533 4205 expedire
1552 4130 1705 4190 volumint:
1724 4126 1897 4198 tum-etiam,

260 4202 301 4260 ds
323 4201 397 4262 sint·
417 4220 467 4262 nec
486 4217 587 4259 novum
603 4220 679 4272 esse,
695 4215 727 4262 ut
744 4221 801 4274 qua
821 4222 876 4264 una
903 4203 966 4260 inr
1000 4206 1063 4262 ione
1093 4218 1127 4258 ne
1144 4197 1259 4272 piurima
1277 4202 1349 4260 bona
1368 4201 1420 4266 fide
1448 4215 1523 4278 gesta
1551 4202 1631 4260 nimis
1655 4197 1736 4258 facile
1762 4216 1795 4255 ac
1818 4213 1901 4272 prope

257 4269 372 4356 urobiiia
388 4245 729 4358 itabentur,srmnrobiiium
746 4273 871 4347 catalogo
887 4271 977 4332 allbla
1024 4274 1063 4332 ri-
1092 4270 1151 4332 sine
1167 4273 1245 4345 culpa
1261 4275 1379 4348 gerentis
1404 4272 1643 4344 connuberentur,
1670 4289 1727 4347 arg.
1755 4269 1775 4327 l.
1794 4265 1901 4326 Barba-

289 4357 306 4398 ι
332 4357 527 4411 invenustum
554 4359 640 4402 annuc
686 4343 762 4402 verbi
787 4346 895 4420 gratia,
920 4344 1022 4406 reditur
1040 4361 1063 4400 a
1092 4343 1147 4401 rias
1164 4339 1192 4400 5.
1208 4342 1244 4418 ff.
1262 4345 1295 4400 de
1308 4341 1371 4415 offic.
1384 4348 1515 4416 pretorii.
1534 4345 1606 4403 Tum
1623 4344 1688 4418 quia
1705 4361 1740 4402 ne
1758 4341 1821 4412 ipsis
1838 4341 1901 4411 qui-

282 4415 404 4494 rosincia
421 4413 517 4486 debiti,
536 4422 565 4473 in
585 4381 734 4474 Heliandia
762 4413 886 4488 mobiles,
901 4411 1064 4496 {immobiles
1092 4411 1153 4472 ciem
1178 4409 1247 4484 iuris'
1272 4417 1303 4472 in
1326 4417 1403 4486 praxi
1429 4417 1625 4488 versatissimis,
1652 4411 1791 4483 multoque
1809 4417 1901 4470 nunus

249 4483 400 4554 {bouilla
417 4483 526 4544 arbores
543 4485 701 4559 grandiores
717 4485 776 4546 solo
803 4484 934 4548 herentes
964 4489 1063 4557 passim
1093 4484 1153 4542 aliis
1179 4483 1351 4556 simplicitate
1377 4485 1531 4562 desidiaque
1557 4482 1756 4556 laborantibus,
1783 4479 1815 4540 a‘c
1833 4481 1901 4553 juris

259 4553 418 4624 inmobiles,
433 4553 546 4610 mobiles
564 4567 656 4614 umen
674 4557 704 4612 in
730 4553 754 4614 F
755 4555 861 4620 landrice
886 4551 995 4630 habita,
1021 4556 1063 4616 uti
1092 4557 1231 4618 scientiam
1249 4555 1322 4614 baud
1350 4557 1483 4632 professis,
1500 4561 1566 4614 sotis
1593 4569 1761 4628 compertum
1788 4568 1840 4628 est,
1867 4571 1901 4624 ac

258 4625 314 4686 lrac
331 4625 453 4695 pluribus
468 4628 510 4682 rit.
528 4623 561 4679 de
576 4645 626 4684 rer.
644 4623 738 4684 divers.
756 4623 820 4700 Quo
838 4628 936 4699 posito,
957 4645 1063 4687 noemae
1093 4627 1140 4683 vix
1157 4645 1203 4698 per
1221 4628 1384 4690 industriam
1401 4629 1634 4700 exquisitissimam
1652 4645 1708 4686 esse
1726 4635 1823 4698 potes,
1841 4643 1900 4695 qua
1988 4635 1990 4646 ’

258 4695 340 4758 fuerit
367 4709 407 4768 ut,
425 4714 482 4764 qua
498 4700 528 4749 in
547 4695 677 4752 domicilii
704 4696 764 4754 loco
778 4695 891 4758 mobilia
918 4695 1062 4768 habentur,
1094 4695 1123 4752 in
1141 4715 1301 4770 unoquoque
1317 4695 1379 4756 loco
1397 4702 1525 4770 requisita
1551 4699 1608 4760 sint
1625 4695 1735 4758 adinum
1752 4697 1900 4769 solentnia,

234 4738 409 4822 immobilia
428 4783 491 4823 vero
504 4763 562 4820 illic
578 4763 626 4822 ubi
643 4779 716 4838 sunt,
734 4785 764 4824 re
781 4781 863 4834 astru
882 4767 940 4842 iege
958 4768 1022 4841 loci,
1033 4767 1062 4822 in
1092 4765 1156 4837 quid
1175 4770 1204 4824 in
1222 4771 1279 4826 dies
1296 4767 1327 4824 in
1346 4769 1398 4826 hac
1426 4769 1468 4830 vel
1496 4770 1543 4826 ills
1572 4769 1681 4845 regione
1699 4770 1777 4826 novis
1795 4765 1900 4839 iegibus

256 4855 311 4912 quo
326 4849 479 4910 veressus,
498 4836 673 4909 magistratus
689 4835 747 4913 iege
764 4783 837 4914 ioci,
864 4841 896 4898 in
925 4857 978 4911 quo
1002 4853 1064 4902 vere
1093 4839 1166 4899 circa
1182 4837 1345 4904 solemoiem
1361 4839 1564 4922 observantiam
1579 4853 1715 4902 mutetur:
1734 4851 1765 4902 ut
1782 4834 1899 4914 prolude
