4022 5358
317 167 364 262 ul
554 241 557 250 .
899 174 1174 257 titurium.
1210 193 1212 199 '
1803 270 1808 279 Ι

260 266 296 334 tie
315 274 346 331 in
364 285 419 342 que
437 264 494 344 jure
510 272 610 344 scripto
627 269 740 338 delinita
759 285 900 350 nunaunt,
917 292 1060 336 conuictu·
1090 280 1158 336 min.
1177 290 1204 352 9.
1224 295 1251 336 n.
1270 285 1314 352 71.
1341 270 1424 350 Quod
1455 273 1568 336 &uine
1595 289 1688 336 veroin
1706 289 1821 350 censeo,
1837 295 1902 340 cun

176 364 179 370 ¹
261 343 354 402 dinem
371 363 387 399 a
405 343 503 414 populo
521 346 744 407 introducendam
762 353 914 420 concipias,
933 355 978 404 uia
996 363 1060 421 est,
1088 352 1123 410 de
1139 349 1356 432 promulgatione
1374 346 1481 417 quidem
1497 359 1615 420 constat,
1634 348 1680 406 sed
1698 347 1921 424 promulgatam,

261 427 291 478 ut
303 413 462 485 peculiarem
471 429 538 472 tunc
550 417 682 490 Principis
690 421 895 476 conniventiam
903 435 965 478 cum
974 425 1060 478 scien·
1088 419 1202 492 populus
1229 435 1348 490 unquam
1365 436 1416 474 iisu
1433 424 1560 490 recepisse
1578 431 1711 490 negatur.
1740 421 1802 478 Etsi
1828 423 1924 494 ieiiiiii¹

262 489 302 542 tia
319 481 491 556 coiijnnuin
509 492 645 561 exegeris;
672 489 718 548 scd
735 492 821 561 magis
838 507 899 548 eum
919 507 975 546 non
992 508 1059 548 coii-
1088 496 1117 551 ἃ
1136 489 1189 550 hoc
1208 487 1274 549 faui
1290 495 1336 561 sit,
1354 487 1426 558 quod
1444 508 1494 546 usu
1512 501 1617 560 recepta
1636 485 1733 565 suerit,
1760 502 1840 561 atque
1857 494 1900 557 iia·

259 557 417 627 traditisse,
435 562 517 616 etiam
537 560 728 633 ignorantem,
746 575 793 618 aut
810 561 924 620 eandem
942 577 998 618 non
1016 579 1060 618 su·
1088 563 1123 620 de
1141 559 1333 632 probationem
1349 561 1510 628 receptionis
1528 557 1564 615 ab
1581 579 1624 632 eo,
1651 565 1697 630 qui
1715 561 1774 632 ait,
1797 563 1900 622 deside-

258 625 364 698 stulisse
379 624 513 694 sufficias
531 635 676 698 presertim
694 647 758 686 cuin
775 629 914 704 probabile
933 633 1060 704 nonsit,
1089 645 1141 704 ret,
1160 629 1323 690 Menochius
1341 627 1368 686 d.
1386 629 1432 686 lib.
1450 645 1476 686 a.
1494 646 1642 700 presumsit.
1663 647 1709 699 us
1740 631 1840 694 rutilus
1856 647 1898 694 tu-

259 715 355 753 omnes
373 697 519 766 peculiares
537 697 718 771 substitutum
744 719 807 758 usus
825 717 963 772 moresque
982 699 1060 775 legis·
1090 719 1152 760 men
1170 721 1219 774 pro
1236 721 1285 760 usu
1303 697 1370 770 jutis
1388 697 1566 785 promulgari,
1596 719 1628 756 ac
1647 703 1734 769 prima
1751 699 1807 773 ejus
1826 723 1900 764 rece·

259 767 342 824 latori
359 767 507 838 perspeiios
530 787 601 828 esse.
630 771 672 828 Ac
690 771 723 828 de
741 771 784 828 his
800 769 1060 842 consuetudinibus,
1089 779 1182 843 ptione
1199 791 1270 841 nque
1289 787 1381 840 acpio
1398 785 1498 840 recepti
1516 771 1671 844 deuotione,
1691 779 1719 831 in
1732 774 1816 834 dubio
1829 793 1903 844 prin·

258 834 315 910 juri
327 839 427 904 scripto
446 858 500 897 non
516 840 730 910 adversantibus,
747 843 833 914 accipi
850 843 988 900 commode
1001 859 1060 912 pos-
1089 842 1248 900 sumendum
1274 854 1334 910 est,
1360 857 1421 897 cum
1440 847 1532 910 utique
1551 861 1599 911 pro
1616 839 1802 914 subieuorum
1829 859 1893 904 tan-

260 923 334 980 uunt,
351 926 408 1034 q3iiae
426 911 595 980 reperiuntur
614 917 643 968 in
660 913 678 968 l.
689 910 820 982 dequibus
838 909 881 968 δι.
913 910 1060 970 alibuta·
1089 929 1169 986 quam
1187 909 1321 970 bonorum
1338 915 1366 971 u
1382 911 1447 984 legis
1464 911 1636 994 audientium
1653 914 1814 974 obedientia
1830 935 1899 976 con·

260 997 345 1038 ruiana
381 973 452 1105 Εἴ.
472 981 497 1038 b.
515 998 535 1038 t.
555 983 580 1039 d.
598 999 668 1054 pari.
687 997 712 1036 a.
731 1003 806 1040 num.
829 981 868 1038 itt.
888 929 921 1046 gt
939 979 975 1040 25
1090 980 1191 1056 jetiura
1209 987 1293 1058 magis
1316 983 1447 1051 capienda
1466 982 1608 1055 videatur,
1625 1001 1707 1053 quam
1725 996 1756 1044 ut
1773 1006 1820 1046 eos
1837 1007 1896 1048 cre-

296 1045 339 1106 53.
361 1047 418 1119 Qut
439 1069 468 1107 us
484 1066 564 1124 porro
580 1055 665 1111 modis
674 1052 735 1108 aliis
752 1065 811 1112 tum
828 1052 903 1126 legis,
921 1066 980 1112 tuni
993 1069 1060 1111 con·
1088 1055 1210 1113 deremus
1229 1050 1310 1110 sitisse
1327 1049 1391 1126 legis
1410 1063 1520 1108 contem
1537 1065 1623 1127 tores,
1642 1057 1764 1132 quandlu
1783 1057 1811 1116 id
1831 1076 1895 1126 pro-

260 1119 411 1180 tuetudinis
429 1121 542 1180 tollatur
559 1123 703 1200 obligatio,
719 1136 800 1194 puta,
818 1123 876 1196 lege
894 1127 1059 1196 posteriore,
1089 1123 1184 1182 batum
1202 1140 1259 1180 iion
1276 1137 1334 1179 est.
1359 1119 1486 1180 illantica
1521 1144 1535 1178 r
1554 1126 1646 1180 tacitis
1666 1133 1699 1187 (a
1717 1124 1814 1201 ambig.
1834 1147 1902 1186 cori-

235 1198 239 1209 ·
260 1189 306 1248 uel
323 1193 516 1250 consuetudine
533 1198 619 1264 priori
636 1195 826 1252 consuetudini
842 1198 1003 1268 contraria,
1026 1213 1060 1252 ex
1090 1211 1159 1268 verit,
1179 1189 1224 1251 lib.
1243 1191 1269 1252 5.
1288 1196 1333 1250 tia.
1354 1189 1393 1248 13.
1408 1211 1482 1248 num.
1501 1190 1545 1260 [pn.
1565 1193 1724 1254 Gratianus
1741 1195 1837 1268 drap.
1858 1197 1902 1258 55.

258 1277 326 1320 ante
343 1261 453 1318 traditis
480 1263 657 1324 manifestum
693 1267 778 1323 satis.
806 1261 844 1322 Et
873 1283 907 1323 ne
925 1268 992 1323 artu
1010 1282 1059 1322 iio-
1089 1285 1115 1324 ri.
1134 1261 1177 1322 53.
1196 1261 1239 1390 lg).
1257 1265 1286 1323 u
1304 1260 1352 1319 alii
1370 1262 1439 1332 apud
1457 1260 1634 1324 Meneclium
1652 1265 1679 1322 d.
1699 1267 1752 1324 loco
1769 1270 1850 1328 citat.

241 1345 322 1400 ,stre
350 1331 546 1404 vocibusquis
562 1336 690 1407 hesitet,
706 1331 872 1392 admonendi
889 1353 990 1409 sumus,
1009 1357 1060 1394 aa·
1124 1332 1167 1404 4¹·
1187 1331 1259 1392 llud
1276 1333 1512 1403 sineexpeditum
1530 1333 1660 1408 arbitror,
1677 1334 1902 1412 legisnnnqutun

255 1404 364 1473 riqrniri
382 1405 490 1472 proprie
507 1407 612 1480 legem,
638 1424 693 1476 qua
713 1407 836 1464 nondum
854 1405 959 1472 perlata
986 1403 1060 1478 fuit,
1089 1416 1215 1476 receptae,
1241 1421 1379 1530 nun-guam
1396 1402 1555 1475 observata,
1572 1405 1679 1464 nullam
1694 1427 1752 1466 esse
1771 1411 1852 1483 vini,
1877 1413 1902 1468 si

262 1491 310 1532 seu
328 1491 384 1530 non
409 1471 484 1547 lata,
509 1479 554 1535 sed
573 1489 667 1550 rogata
693 1487 774 1545 atque
792 1471 906 1544 reieua:
938 1475 1060 1552 abrogari
1090 1475 1125 1531 ab
1141 1471 1196 1546 ejus
1214 1490 1297 1545 prom*
1320 1477 1430 1600 gerione
1455 1473 1565 1556 longum
1585 1476 1668 1534 suerii
1686 1478 1809 1550 elapsum
1830 1497 1902 1540 teui-

261 1559 332 1616 eain,
350 1563 404 1613 quae
422 1545 502 1602 semel
520 1547 632 1619 perlata,
650 1552 679 1604 in
698 1547 854 1604 universim
871 1545 997 1608 tollitur:
1016 1546 1060 1603 dr-
1089 1565 1154 1617 pus,
1171 1548 1308 1624 &contra
1337 1549 1392 1619 egis
1401 1561 1476 1600 nova
1485 1545 1690 1615 dispositionem
1728 1548 1824 1620 opulus
1844 1555 1902 1622 pri·

259 1615 350 1689 rogari
369 1613 440 1685 legi,
467 1633 529 1674 cum
548 1617 589 1676 vel
609 1623 681 1688 prior
704 1634 764 1687 pars
782 1615 846 1688 legis
863 1616 990 1687 tollitur3
1019 1617 1061 1675 vel
1089 1617 1156 1672 stini
1173 1614 1459 1686 jiuis'observantiam
1484 1627 1588 1674 secutus
1604 1618 1640 1673 sit
1721 1622 1855 1683 enochius
1875 1623 1903 1681 d

281 1683 474 1742 eneralitereii
492 1683 548 1760 lege
567 1703 724 1757 vetereque
741 1691 830 1750 minus
848 1688 912 1758 quid
931 1685 1061 1746 fiatnova
1091 1684 1150 1743 libr.
1168 1701 1194 1742 a.
1220 1702 1368 1758 praeiumpt.
1386 1701 1412 1742 a.
1432 1686 1459 1742 in
1475 1701 1512 1755 pr.
1529 1685 1620 1746 Jacob.
1644 1657 1744 1748 &orem
1761 1691 1896 1754 observat.

260 1699 320 1827 lege
338 1755 474 1825 sancitur,
493 1762 634 1834 surrogari,
652 1775 714 1816 cuni
731 1759 796 1828 quid
814 1763 904 1828 prima
921 1756 974 1841 legi
992 1755 1060 1826 adli·
1095 1774 1116 1816 i.
1134 1757 1167 1814 lit
1191 1777 1221 1830 y,
1239 1754 1272 1819 (5
1291 1777 1315 1830 z,
1334 1755 1423 1815 Andr.
1443 1757 1525 1828 Gayl.
1543 1754 1590 1814 lr'b.
1601 1757 1733 1818 ambiere.
1752 1760 1809 1820 60.
1823 1786 1902 1824 num.

185 1871 189 1890 ,
260 1829 355 1892 citur,
377 1821 515 1900 abrogari,
532 1847 593 1884 cum
610 1841 731 1885 mutatur
748 1829 851 1899 aliquid
867 1847 901 1886 ex
919 1847 1005 1898 prima
1023 1827 1061 1885 le-
1090 1821 1116 1882 3.
1145 1824 1258 1886 Masius
1286 1825 1327 1882 ad
1335 1827 1385 1899 jai
1411 1825 1553 1884 Lubecrni.
1581 1845 1670 1904 quart.
1695 1833 1841 1902 pralimiri.
1874 1849 1903 1910 9.

259 1915 305 1972 ge.
331 1891 370 1952 la't
387 1897 450 1963 quia
468 1911 532 1956 tunc
549 1916 611 1958 cuni
630 1899 682 1972 legi
699 1896 863 1974 derogatur,
880 1897 1062 1974 subrogatur,
1091 1893 1436 1970 sumptuosiores
1466 1896 1498 1953 dr
1515 1903 1627 1957 statarii
1645 1917 1706 1958 rect.
1729 1919 1769 1961 ia.
1788 1921 1847 1977 cap.
1868 1923 1897 1963 a.

260 1979 311 2024 aut
330 1965 395 2024 abro
414 1979 493 2042 atur,
520 1987 552 2026 ea
570 1987 626 2026 non
644 1971 673 2025 in
691 1971 846 2029 universum
864 1975 933 2028 vires
953 1970 1061 2040 perditi
1091 1988 1165 2024 narn.
1185 1983 1212 2024 a.
1232 1963 1258 2023 5.
1286 1971 1335 2024 etsi
1354 1971 1428 2024 enim
1444 1967 1503 2025 solo
1521 1988 1577 2026 non
1595 1987 1645 2026 usu
1664 1971 1748 2045 legem
1767 1992 1825 2032 non
1845 1975 1898 2034 ab·

261 2035 337 2096 teile
362 1983 483 2096 ulau-lo
501 2046 628 2110 scriptum
649 2052 708 2112 est,
735 2057 836 2110 novum
855 2059 912 2100 non
929 2059 1002 2112 esse,
1030 2053 1062 2097 ut
1091 2037 1182 2111 rogari
1199 2049 1262 2094 ante
1279 2036 1381 2097 ditium
1398 2040 1433 2118 sit
1447 2053 1521 2097 num.
1540 2035 1601 2108 355
1619 2027 1724 2102 atlibus
1735 2057 1833 2104 tamen
1846 2043 1904 2104 sre-

262 2114 366 2178 priores
383 2106 451 2182 leges
469 2111 503 2168 ad
521 2114 678 2181 posteriores
694 2109 850 2183 trahantur,
867 2111 885 2168 l.
904 2127 1003 2168 nonest
1016 2129 1062 2166 rio·
1091 2107 1254 2178 questibus,
1271 2122 1368 2166 contra
1387 2125 1443 2178 eius
1461 2110 1663 2179 dispositionem
1681 2113 1826 2188 admissis,
1846 2135 1901 2176 nec

262 2200 329 2238 urim
356 2177 399 2238 26.
411 2176 450 2252 ff.
469 2179 494 2239 i.
513 2195 533 2238 t.
546 2180 699 2243 'lietardus
722 2179 763 2238 ad
776 2181 856 2258 legem
885 2195 926 2240 ia.
954 2178 1062 2239 tabula·
1091 2199 1137 2250 per
1154 2178 1334 2253 legislatorem
1358 2192 1450 2250 postea
1468 2181 1636 2252 reprobatis,
1659 2199 1719 2238 eam
1738 2185 1847 2245 viribus
1866 2186 1904 2244 ab

263 2271 328 2306 rum
345 2270 401 2307 ca.
425 2268 446 2308 i.
1092 2250 1175 2306 initio
1191 2251 1303 2309 destitui
1323 2295 1324 2298 ,
1352 2250 1395 2309 vel
1412 2268 1447 2308 ex
1466 2247 1601 2320 pusitius
1623 2253 1726 2322 privari
1753 2253 1905 2330 obligandi

300 2315 345 2392 59.
368 2267 500 2394 iluamvis
517 2325 606 2383 autem
624 2323 882 2396 acivilissapientia
900 2326 992 2396 peritis
1005 2339 1062 2380 me-
1093 2323 1212 2390 virtute,
1239 2342 1285 2392 per
1303 2295 1404 2380 ibidem
1420 2321 1524 2378 tradita
1542 2333 1646 2380 certum
1662 2337 1717 2380 est.
1746 2324 1843 2396 Atque
1863 2330 1906 2387 ite

261 2391 323 2446 rito
340 2390 511 2453 observatum
529 2402 574 2468 sit,
592 2413 646 2452 non
657 2397 725 2454 adeo
742 2393 831 2465 facile,
849 2411 936 2464 neque
953 2408 1062 2463 temere,
1092 2393 1189 2465 passim
1207 2409 1252 2461 pei
1273 2387 1453 2472 Hollandiain
1472 2389 1674 2475 fideicommissa
1705 2393 1832 2454 uldemus
1859 2417 1906 2460 sn-

263 2459 336 2534 leges
354 2459 471 2536 figendas
489 2485 520 2522 ac
540 2465 687 2538 religendas
703 2485 774 2536 esse3
791 2469 954 2524 mutationes
972 2477 1063 2521 tamen
1092 2463 1208 2535 stineii,
1231 2465 1259 2521 δι
1277 2464 1310 2524 de
1329 2462 1407 2520 rebus
1424 2459 1620 2520 fideicommissi
1648 2482 1705 2533 iure
1723 2463 1832 2525 alimus
1863 2465 1905 2540 jus

263 2549 359 2589 earum
376 2535 518 2604 probanda
536 2539 667 2608 omnino,
684 2543 790 2607 quoties
806 2537 915 2594 euidens
935 2531 1063 2606 reipubli-
1092 2533 1147 2590 dici
1166 2533 1195 2588 in
1215 2529 1520 2590 fideicommissariorum
1537 2552 1581 2590 eas
1599 2534 1807 2594 vindicantium
1825 2539 1907 2599 utili.

263 2619 301 2660 car
319 2601 423 2660 utilitas
442 2610 648 2665 innovationem
665 2609 829 2667 comitaturi
845 2619 905 2674 est,
933 2608 961 2664 di
979 2599 1064 2674 majus
1092 2613 1185 2675 tatem,
1203 2601 1266 2660 licet
1285 2601 1385 2660 inrui
1398 2601 1505 2674 publica
1523 2603 1621 2662 relatIo
1639 2621 1732 2661 eotiiiti
1754 2603 1831 2666 satia
1846 2630 1907 2670 non

263 2687 389 2740 speratur,
404 2679 574 2744 commodum
591 2695 686 2750 nove,
713 2693 795 2749 quam
813 2683 942 2734 metuitur
960 2677 1064 2731 incom-
1092 2679 1149 2746 sit,
1190 2691 1253 2730 uam
1270 2671 1370 2734 uatus
1387 2673 1504 2756 quodam
1521 2687 1649 2746 perpetuo
1666 2693 1731 2732 aiiii.
1759 2676 1839 2748 1624.
1859 2675 1907 2740 30.

264 2743 378 2802 modum
395 2751 511 2820 antiquae
530 2745 604 2821 legis.
637 2751 697 2804 Non
711 2745 822 2824 prpicto
839 2750 958 2818 inuras,
977 2747 1064 2814 inquit
1093 2741 1157 2801 tutti
1202 2746 1292 2804 rdines
1312 2741 1465 2804 Hollandiae
1483 2745 1541 2802 lieri
1560 2758 1757 2816 preceperant:
1777 2751 1909 2812 nonalia

262 2813 373 2872 Gellius
390 2811 472 2873 uoti.
491 2818 578 2874 Attio.
598 2817 697 2876 liban.
714 2835 772 2891 cap.
786 2835 829 2889 i.,
845 2768 932 2892 legum
949 2831 1065 2886 opportu-
1093 2814 1127 2871 de
1143 2833 1243 2890 causa,
1261 2833 1342 2886 quani
1360 2816 1423 2886 quia
1441 2832 1580 2886 nunquam
1607 2815 1655 2874 illa
1675 2814 1908 2880 fideieommisso·

266 2889 367 2942 rii-'tates
385 2885 418 2948 (u
436 2885 552 2944 medelas
566 2901 628 2958 prot
643 2905 762 2959 mporum
780 2886 905 2961 moribus,
923 2885 1009 2956 &pro
1022 2905 1064 2943 re·
1094 2901 1155 2942 rum
1173 2887 1323 2944 insinuatio
1340 2905 1374 2944 er
1391 2897 1511 2955 tempore
1529 2885 1594 2972 legis
1612 2888 1735 2968 primitus
1754 2891 1838 2951 edita
1848 2892 1908 2962 pler

267 2978 328 3013 rum
344 2953 511 3026 publicarum
524 2910 670 3032 generiili,
687 2979 721 3017 ac
727 2975 772 3031 pro
789 2958 939 3017 utilitatum
956 2973 1065 3028 preren·
1095 2973 1129 3015 ne
1147 2953 1199 3014 fiiit
1219 2959 1248 3015 in
1266 2975 1345 3016 usum
1361 2953 1474 3017 dedubla
1518 2952 1602 3042 (licet
1618 2951 1686 3012 alibi
1707 2973 1746 3024 tus
1765 2959 1825 3018 tale
1845 2979 1909 3021 nnn

255 3027 337 3084 'aiirm
356 3027 514 3099 rationibus,
530 3047 624 3102 proque
642 3032 779 3103 vitiorum,
796 3029 888 3102 quibui
906 3025 1065 3085 medendum
1094 3044 1149 3083 uno
1168 3026 1229 3084 loco
1247 3042 1387 3100 servetur,
1414 3041 1445 3087 ut
1463 2997 1530 3084 alibi
1549 3023 1713 3097 dicentium)
1732 3040 1804 3089 teste
1825 3031 1910 3093 Groe·

206 3103 211 3108 ’
265 3114 317 3170 eit,
329 3093 486 3170 fervoribus,
505 3104 608 3158 mutari
626 3115 706 3173 atque
714 3101 808 3173 flubii,
825 3121 905 3172 nequa
923 3119 974 3157 una
991 3112 1066 3172 ‚statu
1095 3101 1226 3176 nevuegio
1244 3099 1285 3153 ad
1299 3097 1357 3156 libr·
1375 3099 1464 3156 ultim.
1482 3098 1511 3154 C.
1530 3095 1563 3152 de
1574 3095 1776 3170 jure-darium.

261 3173 425 3233 ‘conrii-iares
451 3174 513 3240 quiri
531 3187 561 3228 ut
569 3167 660 3243 facies
678 3171 732 3230 culi
748 3170 781 3233 ili
799 3173 903 3243 marii,
919 3173 960 3226 ita
977 3187 1065 3226 rerum
1128 3165 1173 3236 42·
1193 3166 1290 3237 Neque
1307 3181 1398 3224 tamen
1417 3169 1478 3250 ideo
1495 3167 1719 3250 existimandum,
1739 3173 1910 3258 promulga-

266 3257 347 3314 arque
356 3237 471 3312 fhrirae‘riae
487 3237 682 3310 ieinprstaiibui
700 3243 850 3308 uariaretur.
867 3240 959 3311 Atque
977 3239 1016 3296 ita
1027 3236 1066 3294 le·
1096 3249 1124 3294 ta
1141 3235 1295 3295 solemniter
1312 3237 1370 3310 lege
1389 3230 1565 3311 provinciali,
1582 3252 1629 3319 per
1646 3231 1768 3302 Ordines
1788 3261 1911 3312 provin·

266 3329 313 3384 ges
325 3306 471 3368 'duodecim
499 3310 653 3369 tabularum
680 3332 726 3386 per
749 3311 834 3384 legem
858 3309 1009 3370 AEbutiam
1037 3311 1065 3364 in
1094 3311 1140 3362 cia
1157 3306 1319 3381 generaliter
1337 3303 1462 3364 omnibus
1480 3301 1605 3370 utbteblis
1624 3302 1691 3388 lata,
1703 3305 1785 3390 ‘lianc
1805 3327 1856 3372 aut
1873 3315 1910 3372 ili

266 3381 361 3438 inultis
377 3379 508 3440 correiias
530 3377 610 3441 fuisse
627 3395 707 3454 atque
733 3383 908 3456 emendatas,
932 3383 1009 3439 testis
1025 3391 1066 3439 est
1094 3376 1149 3434 lain
1166 3382 1305 3435 civitatem
1323 3391 1389 3434 tunc
1402 3393 1476 3460 posse
1492 3372 1551 3461 mla
1563 3373 1730 3458 negligente
1748 3394 1839 3454 arque
1850 3405 1912 3445 uon

266 3451 341 3510 idem
359 3449 465 3509 Gellius
482 3451 526 3508 lib.
546 3453 586 3510 16.
604 3469 661 3524 cap.
684 3470 730 3524 io.¹
755 3452 894 3533 ipsumque
913 3448 952 3522 ius
968 3463 1065 3522 prato-
1091 3467 1144 3532 usu
1160 3469 1215 3509 sese
1232 3447 1297 3521 legis
1314 3446 1574 3532 illius'dispositioiii
1590 3442 1658 3530 subd
1708 3463 1761 3524 re,
1793 3455 1913 3526 reliquis

266 3524 340 3578 rium
353 3521 537 3580 introduuum
556 3522 645 3596 fune,
663 3524 1004 3592 nonadJuvanditantum
1021 3520 1066 3579 vel
1094 3521 1240 3578 civitatum
1256 3519 1372 3576 aliarum
1390 3513 1486 3572 incolis
1498 3513 1625 3601 obligatis
1643 3519 1842 3590 manentibus:
1863 3527 1913 3586 end

266 3591 425 3664 supplendi,
441 3592 489 3647 red
503 3592 537 3656 dgr
554 3591 695 3666 corrigendi
707 3594 782 3668 juris
800 3595 884 3651 ciuilis
898 3594 991 3666 gratia
1005 3607 1065 3662 pro-
1094 3592 1183 3659 potius
1200 3609 1264 3662 eos,
1291 3593 1336 3660 qui
1354 3587 1404 3646 sibi
1422 3596 1647 3656 constitutionem
1669 3606 1729 3647 non
1748 3599 1913 3656 conducere
1996 3663 2002 3673 Ι

264 3679 322 3735 pter
339 3665 486 3720 utilitatem
501 3662 653 3735 publicam,
670 3659 835 3734 Papinianus
852 3669 903 3722 scri
920 3665 967 3735 sit,
983 3661 1002 3718 Ι.
1014 3664 1065 3734 jus
1094 3659 1282 3731 arbitrantur,
1304 3659 1337 3726 ,td
1356 3665 1443 3788 ignatii
1466 3667 1573 3724 oportet
1590 3657 1752 3720 solemniter
1782 3665 1915 3727 edduffie

261 3749 361 3792 aarum
388 3749 414 3806 7.
433 3728 460 3807 ᾗ.
479 3752 504 3790 i.
515 3733 553 3806 ff.
573 3733 605 3790 dr
617 3735 709 3806 justit.
731 3733 765 3798 U
777 3737 857 3808 jura.
909 3735 957 3814 ali,
974 3743 1066 3789 autem
1094 3730 1248 3789 rationibus
1265 3731 1336 3802 apud
1354 3731 1363 3786 l
1381 3729 1472 3812 rdines
1490 3744 1647 3809 exponere,
1665 3735 1693 3790 iit
1713 3735 1756 3792 sic
1776 3739 1824 3796 vel
1843 3733 1915 3810 juris

266 3803 389 3862 utilitate
408 3803 523 3861 notabili
543 3824 596 3861 non
615 3823 631 3860 a
650 3817 770 3876 parente,
786 3805 931 3864 sectandum
949 3817 1002 3874 pain
1020 3803 1063 3860 di·
1094 3815 1159 3861 ante
1175 3803 1281 3862 conditi
1304 3803 1529 3874 abrogationem,
1556 3794 1599 3878 vel
1618 3817 1659 3870 ius
1676 3805 1827 3874 singulare
1855 3811 1914 3868 eibi

268 3873 313 3934 ua
332 3874 507 3932 recedendum
533 3875 605 3932 haud
630 3825 698 3933 loret
727 3874 813 3933 abeo
835 3873 901 3944 ure,
928 3873 1001 3944 quod
1017 3873 1066 3930 diu
1094 3873 1248 3946 impetrire,
1270 3890 1326 3946 arg.
1346 3875 1363 3931 l.
1381 3872 1444 3945 leger
1463 3870 1652 3953 paratissima
1669 3884 1696 3943 9.
1719 3877 1749 3933 C
1771 3879 1799 3936 b.
1823 3897 1846 3938 t.
1866 3884 1915 3942 la-

267 3961 371 4014 mquum
389 3947 475 4002 vistim
492 3957 541 4017 est,
558 3946 575 4001 l.
586 3959 612 4003 2.
616 3941 655 4017 ff
664 3945 696 4001 dr
704 3949 805 4004 conant.
858 3937 982 4014 intitiirm,
1001 3939 1065 4002 Rit-
1093 3941 1177 4000 cobus
1192 3943 1284 4000 Coreii
1302 3941 1400 4000 observ.
1422 3954 1547 4023 mataps.
1566 3939 1600 4002 (a
1618 3959 1698 4024 uersu
1719 3945 1815 4008 Want
1834 3971 1912 4008 aare·

268 4012 414 4074 t'ershusius
432 4013 472 4072 ad
477 4015 592 4072 novellas
610 4019 763 4086 irprroemio
779 4036 813 4072 ca
830 4011 870 4072 ,5.
888 4011 969 4072 Adde
978 4030 1066 4070 ineam
1090 4009 1213 4088 grande.
1238 4009 1318 4072 Hanc
1335 4027 1407 4072 certe
1426 4027 1505 4092 viam·
1517 4026 1631 4082 ingressi
1648 4027 1811 4092 quotquot,
1832 4025 1917 4082 mitt.

268 4087 422 4144 orationem
449 4085 481 4142 de
492 4085 630 4161 jungenda
658 4087 775 4146 Romani
802 4031 841 4151 g
852 4084 970 4144 hodierni
989 4084 1065 4158 juris
1093 4095 1186 4166 gatiam
1203 4100 1278 4142 anno
1299 4080 1374 4147 1530.
1393 4078 1570 4166 scabinatum
1587 4085 1771 4167 successionis
1792 4094 1917 4166 ingem-

269 4160 399 4214 sci'entia.
808 4189 810 4196 ·
1094 4165 1128 4212 ta
1147 4171 1185 4222 ius
1202 4173 1235 4213 et
1253 4173 1302 4214 usu
1320 4173 1370 4214 suo
1387 4169 1491 4221 suaque
1507 4163 1629 4235 civitatis
1647 4154 1725 4218 haud
1742 4181 1803 4224 esse
1813 4207 1824 4237 ‚
1903 4195 1919 4211 ..

304 4228 349 4299 do.
367 4224 496 4300 Quisquis
513 4245 577 4286 vero
594 4225 659 4299 juris
675 4229 755 4286 semel
782 4224 966 4299 publicati&
993 4245 1065 4284 rece·
1093 4228 1163 4282 sissi
1184 4239 1277 4284 erant:
1306 4230 1337 4284 in
1354 4240 1469 4304 quorum
1486 4233 1605 4308 gratiam
1633 4225 1697 4304 ideo
1716 4247 1799 4292 anno
1833 4255 1843 4294 ι
1908 4279 1917 4295 ,

269 4301 311 4370 pti
329 4299 532 4372 abrogationem
548 4298 668 4372 allegat,
691 4299 784 4369 abeo,
801 4317 863 4358 cum
880 4299 909 4356 id
928 4293 993 4354 faui
1008 4299 1065 4368 sit,
1094 4313 1196 4353 novum
1212 4297 1370 4356 succedendi
1390 4313 1440 4366 ius,
1457 4292 1625 4380 Aesdomico
1639 4303 1730 4358 veteri
1741 4307 1917 4385 proximius,

268 4367 395 4442 probatio
410 4370 540 4444 exigenda
556 4385 614 4426 est.
632 4369 703 4428 Cum
720 4371 795 4425 enim
809 4367 880 4444 lues
895 4384 928 4426 et
942 4367 1064 4426 condon-
1094 4383 1167 4423 novo
1184 4365 1285 4438 placito
1302 4365 1438 4426 indultum
1454 4376 1509 4422 est.
1534 4362 1626 4422 Secuta
1643 4372 1718 4429 eand
1736 4389 1766 4428 iii
1786 4376 1918 4440 Rostro.

268 4453 315 4498 tur
333 4452 432 4512 nuntc,
450 4451 481 4496 iit
495 4443 525 4499 dr
544 4449 670 4508 perpetuo
687 4441 802 4510 durent,
818 4443 847 4500 &
863 4456 881 4496 a
898 4435 998 4510 populo
1015 4437 1065 4496 ob·
1093 4433 1250 4524 omenes,
1273 4455 1336 4496 cuni
1353 4455 1427 4519 anno
1449 4431 1525 4502 1604.
1544 4429 1587 4492 23.
1611 4391 1787 4520 ‘Decembris
1808 4445 1853 4521 jue
1872 4472 1919 4514 re.

268 4523 421 4568 serventur:
440 4527 602 4579 consequens
618 4522 669 4582 est,
686 4522 717 4568 ut
734 4528 783 4580 pro
798 4509 945 4566 earundem
960 4505 1065 4580 obliga·
1095 4511 1308 4577 praesentationis
1325 4511 1356 4566 in
1375 4505 1448 4564 linea
1465 4502 1617 4590 collaterali
1636 4507 1673 4566 ad
1695 4529 1811 4576 sextum
1830 4541 1920 4596 usque

169 4604 172 4615 ·
268 4585 355 4651 tione,
372 4599 485 4650 risuque
500 4581 643 4639 duratione
661 4581 831 4652 presumptio
846 4578 1065 4654 militemdonec
1112 4573 1206 4638 raduni
1223 4581 1253 4636 in
1268 4598 1318 4638 sua
1335 4580 1515 4660 civitatepac
1531 4593 1641 4649 regione
1657 4580 1778 4644 civitati
1797 4608 1920 4664 respon.

268 4655 437 4708 contrarium
472 4647 1064 4724 rotatumsuerii,Menocntisdipmampr.
1092 4595 1185 4726 iente,
1202 4653 1313 4710 extendi
1331 4649 1367 4707 ab
1384 4645 1535 4732 Ordinibus
1554 4649 1755 4732 impetrarunt,
1774 4679 1842 4724 cum
1852 4685 1919 4740 pa„

270 4737 297 4775 a.
316 4737 390 4776 arim.
409 4720 434 4789 4.
446 4671 597 4780 gratianus
613 4723 723 4794 discept.
734 4717 833 4795 fhrerir.
852 4719 1064 4796 cap.559.nnm.
1093 4721 1147 4776 situ
1163 4719 1226 4779 aliis
1242 4725 1272 4779 in
1292 4719 1448 4783 Hollandia
1466 4717 1625 4804 civitatibus
1641 4735 1685 4788 tus
1705 4725 1780 4794 illud
1798 4755 1862 4798 „011
1873 4741 1919 4802 ui.

268 4789 318 4850 55·
332 4789 365 4853 iu
379 4809 444 4865 seqq·
463 4789 574 4858 Martius
591 4791 633 4850 ad
640 4793 691 4867 jus
707 4791 862 4866 Labraum
878 4809 968 4868 queri.
979 4790 1066 4866 psaeli·
1095 4803 1141 4852 tra
1156 4807 1281 4865 quartum
1297 4793 1410 4868 gradum
1426 4785 1584 4863 podium
1601 4800 1656 4849 sit.
