3994 5348
651 235 700 300 m
724 235 874 300 marinio
893 233 989 302 euros
1006 243 1039 300 se
1057 233 1264 301 restituione
1280 227 1338 300 uc.
1600 239 1612 256 ·
1668 211 1741 313 273

132 332 224 392 nitlot
263 347 311 389 nee
329 323 453 403 gulosos,
471 341 520 384 nee
537 327 710 398 impostores,
727 345 776 384 nec
795 329 943 400 mendaces,
972 328 1040 384 tiosa
1059 347 1088 385 re
1106 325 1212 386 illatum
1229 343 1280 397 est,
1299 325 1495 393 reparationem
1504 331 1642 404 teneaturt
1660 317 1785 390 adquam
1871 368 1876 378 ,

26 417 31 426 “
135 423 185 464 nec
202 375 345 476 litigiosos,
364 415 411 456 nto
429 401 527 470 pigros,
543 398 943 478 necpraetermodumtimiclos,
973 417 1028 454 non
1048 411 1089 456 est
1105 397 1257 472 obligatus,
1273 399 1319 464 qui
1336 393 1490 466 ignoravit,
1508 396 1558 446 nisi
1578 387 1659 446 luerit
1674 383 1785 475 artifex,

134 473 254 543 cupidos,
271 486 376 541 avaros,
392 463 609 530 melancholicos,
625 483 773 537 protervos,
782 487 831 525 nec
840 486 943 540 pumen·
972 469 989 522 Ι.
1003 486 1024 524 ι.
1035 468 1064 526 C.
1074 466 1100 523 Ι.
1111 485 1130 524 r.
1149 485 1203 539 arg.
1222 469 1242 524 Ι.
1251 467 1372 524 lulianus
1386 459 1425 518 ι5.
1439 459 1476 532 ff.
1495 459 1527 516 de
1544 461 1598 518 all.
1618 479 1692 529 esnrr,
1710 462 1728 518 Ι.
1738 462 1788 517 ssd
1893 479 1897 490 ·

130 554 164 600 tta
181 541 279 612 pavida
298 549 344 596 aut
361 536 523 604 calcitrosa,
550 533 773 592 editioodiirum
791 542 944 611 contineri,
973 536 1053 593 addes
1075 549 1115 609 19.
1134 531 1161 610 ᾗ.
1180 541 1204 593 si
1220 539 1278 621 quir
1296 536 1366 591 dolia
1387 552 1409 591 ι.
1429 527 1785 658 ff‘·lb⁶⁴²³ob¹¹r⁰⁸⁵⁰·⁸‘a“b⁸

136 601 561 754 “l‘idiii‘i‘iiisili
577 717 582 726 .
600 601 753 750 silvi
767 605 943 751 irriti:
971 599 1783 746 arn.0ianisiuinirts.assiria:

135 697 198 808 ficet
224 747 350 806 dehisce
377 749 463 802 animi
493 747 567 802 viriis
584 747 684 800 emtori
711 743 781 802 allio
809 763 944 818 competat
973 747 1005 809 Θ
1025 769 1088 819 seqq.
1118 747 1159 805 De
1175 763 1266 806 cetero
1283 748 1470 813 venditorem,
1516 745 1543 800 ui
1573 748 1666 800 virium
1682 744 1784 816 scivit,

136 819 163 876 d.
174 821 191 875 Ι.
200 816 226 885 Ι.
237 815 311 888 puff.
323 817 368 874 br.
386 811 459 884 cuius
474 816 557 870 etiam
574 812 689 870 allionis
699 817 801 872 intuitu
811 820 944 888 accipien-
974 835 1028 874 non
1045 818 1203 890 excusabit,
1218 819 1288 892 quod
1306 829 1424 881 tempore
1442 763 1605 870 venditionis
1622 813 1784 882 generaliter

136 889 200 947 dum
209 901 258 956 est,
275 887 346 954 quod
358 883 453 942 Paulus
469 885 584 952 scripsit,
603 888 729 940 vitiosum
746 886 877 959 plerisque
890 890 943 946 dici
974 885 1064 954 patius
1084 885 1177 959 suerit,
1195 905 1226 945 ac
1244 897 1413 956 protestatus,
1431 901 1531 940 serem
1551 881 1680 953 vendere,
1698 884 1784 952 qualis

138 957 245 1028 bovem,
262 959 309 1024 qui
327 973 412 1012 cornu
429 957 505 1024 petit,
521 971 552 1008 ac
571 965 699 1022 pumenta,
717 973 773 1022 quse
792 963 848 1014 sine
867 977 944 1016 casua
974 971 1026 1026 est,
1043 975 1092 1013 nec
1108 958 1142 1014 de
1161 959 1235 1032 vitiis
1252 955 1307 1014 e'us
1325 953 1458 1012 morbisve
1474 953 1543 1010 velle
1553 955 1640 1010 teneri
1647 972 1656 1018 ς
1674 957 1785 1024 eoquod

137 1027 292 1095 turbantur,
310 1029 337 1084 ἃ
355 1038 440 1082 semet
459 1026 514 1091 ipsa
532 1025 659 1093 eripiunt,
677 1026 694 1080 Ι.
705 1022 887 1098 bovemdiffi
898 1031 944 1086 ds.
992 1026 1097 1083 enerali
1116 1025 1161 1081 illa
1180 975 1293 1084 sormub
1311 1025 1407 1082 callide
1430 1036 1509 1095 atque
1528 1027 1651 1081 insidiose
1675 1023 1789 1086 obscure

127 1095 273 1170 itineri
290 1097 325 1153 de
340 1097 426 1152 animi
443 1093 524 1150 solius
542 1096 613 1150 vitiis
631 1111 647 1146 a
666 1095 805 1153 venditore
823 1099 884 1166 quid
903 1099 944 1155 di.
973 1043 1077 1152 foturus
1095 1095 1220 1165 videtur3
1247 1094 1352 1166 qualem
1378 1096 1492 1151 omnino
1516 1096 1606 1152 teneti
1631 1105 1705 1162 patet
1726 1112 1785 1168 arg.

139 1164 214 1224 ilum
232 1171 423 1235 promissumve
442 1161 538 1228 fueriti
567 1163 607 1218 vel
626 1181 717 1220 servus
743 1165 867 1222 venditus
885 1185 946 1224 erro
975 1168 992 1222 Ι.
1009 1187 1041 1221 ea
1056 1163 1163 1236 quad&
1203 1169 1276 1223 .'ulr.
1294 1163 1326 1232 ffl
1342 1165 1375 1220 de
1391 1163 1508 1222 contrad.
1524 1181 1587 1219 emt.
1607 1165 1675 1218 Ant.
1695 1161 1785 1224 Faber

133 1251 186 1293 aut
204 1234 333 1308 fugitivus
350 1234 409 1301 ultr
424 1233 468 1290 vel
485 1236 571 1288 animi
589 1235 686 1290 vitium
703 1239 784 1291 etiam
802 1236 837 1291 ad
854 1254 946 1308 corpus
974 1234 1089 1304 alliud.
1109 1233 1179 1292 rir.3
1200 1235 1300 1307 defin.
1314 1253 1341 1300 r,
1355 1256 1428 1292 num.
1457 1233 1501 1290 ,5.
1520 1231 1666 1296 Gomezius
1682 1239 1785 1294 varias,

138 1306 285 1378 pertingat,
302 1316 383 1372 atque
400 1308 438 1358 ita
456 1306 574 1370 corporis
590 1305 716 1362 &animi
726 1311 841 1360 mixtum
852 1309 946 1365 virium
976 1306 1047 1362 recol.
1058 1323 1121 1362 rom.
1132 1323 1158 1362 2.
1176 1321 1231 1374 cap.
1242 1325 1269 1363 2.
1288 1327 1360 1363 num.
1371 1303 1414 1378 lu
1481 1306 1508 1360 in
1527 1305 1600 1375 imo,
1617 1304 1640 1358 si
1659 1305 1784 1362 venditor

141 1374 284 1445 videatur,
299 1376 366 1432 dum
382 1374 450 1430 adeo
466 1369 570 1429 fatuum
590 1385 637 1430 aut
655 1377 803 1431 morionem
822 1377 948 1434 venditor
976 1378 1140 1432 nominatim
1156 1380 1288 1447 exceperit
1305 1375 1338 1432 de
1355 1375 1446 1452 aliquo
1464 1371 1576 1444 morbo,
1600 1377 1627 1432 dr
1645 1374 1679 1430 de
1695 1385 1786 1432 cetero

136 1444 274 1513 distraxit,
291 1455 321 1498 ut
339 1441 443 1499 nullum
463 1446 490 1496 in
508 1459 541 1496 eo
558 1459 633 1498 usum
650 1457 738 1499 emtor
756 1442 854 1499 babeat
885 1447 946 1504 aedi-
975 1462 1071 1503 sanum
1086 1463 1144 1502 esse
1159 1447 1260 1507 dixerit
1278 1458 1325 1502 aut
1344 1447 1518 1516 promiserit,
1535 1444 1661 1500 standum
1678 1444 1786 1511 quidem

132 1515 203 1584 litia
220 1514 346 1589 aulones,
357 1513 476 1568 admissa
494 1527 567 1590 sunt,
584 1512 609 1566 d.
629 1511 646 1567 Ι.
664 1511 691 1581 A.
708 1507 735 1583 §.
754 1511 824 1570 idom
843 1486 946 1586 lbmpo-
976 1527 1015 1572 est
1033 1533 1065 1572 eo
1082 1517 1151 1582 quod
1168 1519 1306 1583 convenit,
1323 1516 1346 1572 si
1364 1517 1488 1572 venditor
1507 1511 1593 1567 morbi
1602 1515 1677 1569 istiru
1685 1525 1787 1572 <enam

139 1577 345 1654 stiur3.(¹lbss·
356 1580 403 1638 bu.
423 1579 523 1639 Adhuc
542 1580 627 1638 latens
644 1592 750 1651 oportet
767 1601 823 1638 esre
840 1585 947 1658 vitium,
977 1585 1118 1642 scientiam
1136 1602 1191 1642 non
1212 1585 1354 1651 babuerit,
1372 1591 1434 1657 quia
1451 1581 1650 1642 remittentibus
1667 1580 1789 1641 uiliores

139 1664 171 1708 ut
188 1665 275 1710 emtor
291 1648 467 1720 probabiliter
485 1649 550 1728 illud
566 1649 670 1708 subesse
679 1652 859 1724 ignoraverit:
876 1657 948 1726 unde
976 1671 1037 1710 suas
1053 1670 1109 1711 non
1128 1666 1168 1711 est
1185 1671 1315 1728 regressus
1332 1655 1454 1719 dandus3
1470 1655 1515 1712 sed
1525 1656 1546 1708 si
1557 1658 1642 1708 sciens
1651 1653 1787 1724 morbum,

113 1757 119 1766 ·
137 1721 224 1793 obii,
241 1721 311 1793 quod
328 1723 560 1778 servus‘venditus
573 1720 699 1794 gibbosus
708 1717 769 1790 suit,
788 1720 831 1777 vel
841 1741 948 1798 ourvus,
976 1721 1100 1781 consulto
1117 1727 1271 1796 retimerr't,
1294 1725 1413 1782 dandam
1429 1741 1485 1779 esse
1500 1726 1534 1784 de
1553 1721 1618 1779 dolo
1634 1721 1788 1790 replicatio-

140 1791 182 1849 vel
200 1797 381 1862 pruriginosus
412 1791 454 1846 vel
471 1789 614 1858 scabiosus,
631 1790 675 1847 vel
694 1805 783 1850 mutus
799 1795 826 1849 dr
845 1796 948 1868 surdus,
978 1811 1049 1864 nem,
1067 1793 1198 1860 Ulpianus
1216 1797 1297 1852 tradit
1315 1794 1333 1850 Ι.
1352 1793 1525 1864 quarirusrd.
1543 1785 1635 1864 §.porr
1652 1790 1684 1861 ᾖ
1703 1791 1729 1848 Ι.
1743 1795 1786 1850 rit.

140 1860 183 1918 sel
199 1879 292 1933 cerus,
308 1833 517 1942 redhibitionem
534 1879 589 1918 esse
608 1877 642 1918 ne
661 1875 760 1918 arcum
768 1861 948 1920 Vivianolll-
978 1865 998 1919 Ι.
1016 1880 1119 1920 renerus
1135 1863 1161 1920 6.
1180 1858 1205 1933 p.
1224 1864 1273 1922 ult.
1293 1865 1310 1922 Ι.
1346 1882 1412 1919 uaso
1433 1875 1472 1932 ¹9·
1513 1860 1572 1918 ,ΙΙ
1588 1863 1683 1918 allisa.
1701 1867 1786 1932 emti,

140 1932 246 2002 planus,
261 1945 295 1988 est
311 1944 383 1987 emto
399 1927 607 1998 durationem,
644 1933 687 1985 .l.
698 1927 725 1986 5.
737 1934 753 1984 Ι.
767 1929 794 1999 4.
802 1945 840 1998 pr.
853 1932 870 1987 Ι.
881 1953 948 2004 que·
978 1929 1090 1991 Mevius
1108 1931 1197 1990 adius
1207 1934 1304 1991 Lubet.
1322 1884 1366 1990 bb.
1378 1929 1404 1988 3.
1423 1937 1466 1988 rit.
1522 1947 1575 1986 ast.
1589 1929 1628 1999 ιΙ.
1648 1949 1674 1986 n.
1687 1929 1729 2000 14.
1744 1931 1783 1989 15.

141 2002 207 2058 sirus
229 2001 268 2068 ιᾼ
286 1992 369 2072 §.uin
385 1995 419 2073 ff.
437 1999 460 2056 b.
473 2015 493 2054 r.
511 2004 539 2058 dr
556 1997 674 2068 serpeus
691 1999 769 2067 huius
786 1998 900 2082 tillonis
916 2023 949 2061 ex
1016 2021 1055 2058 rr.
1073 2002 1186 2060 cessam
1203 2020 1327 2074 preterea
1336 2002 1376 2064 hae
1384 1999 1515 2070 aulones,
1530 2002 1554 2055 ri
1573 2005 1669 2056 sitium
1687 2003 1725 2057 ita
1743 2019 1788 2058 sa·

139 2082 215 2128 emto
232 2085 320 2126 rursus
338 2087 431 2128 verum
448 2083 508 2138 est,
533 2069 604 2142 quod
621 2069 767 2128 abeodem
785 2069 903 2140 Ulpiano
921 2091 949 2128 a·
979 2087 1073 2130 natum
1091 2068 1189 2145 fuerit,
1206 2087 1237 2130 ut
1256 2075 1365 2144 perinde
1383 2070 1536 2130 habendum
1553 2071 1589 2128 sit
1625 2087 1658 2125 ac
1674 2073 1697 2126 si
1716 2089 1789 2128 nun·

132 2139 237 2210 diisque
256 2139 396 2211 traditum,
413 2155 510 2198 sarnum¹
528 2157 583 2198 nou
596 2157 661 2210 esse,
678 2140 950 2212 cuiiinguaprscisa,
978 2160 1057 2212 quam
1077 2148 1170 2200 vitium
1186 2142 1333 2214 adfuisset,
1351 2145 1368 2200 Ι.
1380 2141 1450 2212 quod
1464 2145 1504 2195 ira
1526 2138 1565 2196 ι6.
1608 2139 1692 2198 .Ι.ι.
1711 2139 1790 2197 Tirs-

139 2221 188 2268 aiii
206 2210 234 2267 di
254 2209 286 2264 iti
304 2211 445 2280 amputati,
462 2209 542 2277 quive
559 2207 639 2267 aliter
656 2223 745 2268 mutus
760 2222 809 2278 est,
829 2211 845 2264 Ι.
866 2213 891 2264 ri
907 2211 950 2268 cul
978 2211 1080 2280 puellus
1097 2214 1127 2269 in
1145 2213 1277 2284 traliatu,
1294 2228 1413 2269 cessante
1430 2229 1514 2268 causa
1532 2227 1614 2265 cessar
1632 2207 1741 2279 offellus
1758 2221 1786 2267 it.

73 2339 77 2347 ,
140 2225 267 2350 linguab.
286 2278 304 2332 Ι
313 2279 367 2350 9.Ι.
382 2296 421 2334 ιο.
453 2301 474 2332 r.
494 2276 525 2338 6
542 2271 570 2347 6.
584 2295 606 2333 ι.
617 2273 657 2352 ff.
675 2278 700 2336 Ι.
711 2297 731 2338 r.
748 2300 779 2337 su
796 2295 905 2352 gerente
921 2283 949 2339 id
978 2299 1011 2336 22
1033 2324 1038 2335 .
1057 2277 1117 2337 230.
1139 2279 1292 2352 Hippolitus
1310 2281 1463 2340 Bonacossa
1480 2279 1602 2336 realium
1619 2278 1652 2333 ds
1674 2299 1723 2352 quo
1740 2301 1786 2336 reu

142 2354 309 2432 ipsumfiitis
326 2360 416 2418 aperte
461 2347 559 2414 lpiano,
579 2353 607 2402 in
625 2347 651 2401 d.
670 2349 688 2403 Ι.
704 2365 743 2404 ιο.
782 2367 833 2404 .ι.
852 2348 948 2434 ιἸιΙῐιιι,
979 2295 1080 2406 rabello
1096 2349 1254 2422 quasnddd.
1273 2351 1296 2409 si
1313 2364 1400 2409 emtor
1408 2365 1514 2406 servum
1522 2351 1720 2472 manumiserltb
1734 2363 1785 2434 aut

139 2417 345 2559 iiiiii:
362 2417 950 2557 mimiliiiiiiii
978 2437 1039 2547 iii,
1050 2419 1791 2564 iiiiiii.ig‘iiiisiiiiiif‘irifi.iii

142 2557 210 2612 vitia
227 2555 373 2614 redhibitio
392 2575 447 2612 non
460 2569 541 2643 uertet,
558 2572 594 2612 ex
612 2571 686 2612 emto
699 2556 858 2642 ailioesret,
874 2571 949 2614 utra·
976 2575 1223 2632 emtor,postqusm
1240 2564 1346 2648 rescivit
1355 2564 1451 2618 vitium
1460 2559 1510 2628 rei,
1526 2562 1640 2626 pretium
1650 2555 1790 2642 nibilomi-

139 2624 951 2766 iisii‘liisiiliiiiiiniiili‘iiiiiii
979 2625 1788 2772 iiiiiiill‘iiif‘nliii‘dirissimis&

141 2769 279 2836 utrimque
294 2770 383 2825 docet.
978 2788 1019 2840 ru,
1036 2769 1068 2826 dv
1086 2787 1149 2840 equa
1165 2791 1211 2829 mt
1229 2769 1332 2836 caballo
1340 2782 1428 2842 quart.
1440 2781 1501 2836 271.
1519 2763 1682 2826 caballinus
1699 2766 1733 2822 de
1749 2786 1784 2824 e-

175 2851 202 2910 p
219 2837 425 2912 Observandum
442 2845 552 2901 tamen,
569 2835 651 2892 variis
667 2854 699 2894 ev
716 2838 801 2894 causis
819 2838 950 2908 variistiue
979 2839 1132 2898 dirueret.
1143 2860 1165 2896 c.
1178 2859 1204 2896 2.
1222 2836 1328 2912 (oel3.)
1343 2861 1372 2896 n.
1387 2857 1427 2896 ιι.
1446 2840 1479 2907 si,
1496 2851 1647 2908 cumagere
1661 2839 1784 2907 caepisset

143 2909 172 2963 ln
189 2907 294 2962 casibus
313 2905 359 2960 has
376 2905 499 2962 aedilitias
516 2904 633 2963 abliones
650 2910 796 2981 denegarit
823 2910 951 2976 precipue
979 2910 1139 2980 penitentia
1156 2909 1254 2969 dalius
1267 2913 1385 2968 retinere
1403 2923 1457 2965 rem
1476 2907 1547 2960 virio
1565 2905 1785 2978 nonobstante,

141 2993 186 3032 aas
203 2975 320 3032 excludit
336 2977 448 3031 selemia
463 2979 588 3040 emtoris,
607 2977 665 3034 sive
682 2977 728 3034 ille
747 2977 864 3033 verbira
900 2979 949 3032 rtis
980 2981 1056 3050 velit,
1074 2981 1093 3035 Ι.
1104 2977 1278 3048 sirmondi.
1297 2973 1481 3052 praedicarim
1503 2986 1524 3030 1.
1537 2970 1574 3044 ff.
1583 2973 1608 3030 Ι.
1619 2991 1638 3030 r.
1650 2976 1672 3031 si
1689 2991 1788 3034 etecu-

142 3057 191 3100 aut
208 3045 287 3102 rebus
304 3046 376 3112 ipsis,
393 3047 420 3101 dr
441 3041 516 3100 fabiis
533 3062 549 3100 a
568 3045 707 3103 venditore
724 3053 842 3104 mortuus
872 3053 951 3116 uerit,
979 3064 1060 3120 tores,
1077 3062 1124 3106 aut
1132 3051 1288 3120 creditores,
1304 3061 1351 3108 aut
1362 3048 1495 3106 bonorum
1508 3057 1643 3102 curatores
1660 3043 1787 3104 ruilione

142 3113 287 3172 secundum
313 3111 470 3182 aotodiila,
495 3116 552 3170 sive
570 3112 681 3174 aliunde
706 3120 863 3187 cognoverit
888 3129 951 3174 ante
979 3119 1085 3316 {ablica
1103 3135 1158 3176 rein
1168 3115 1369 3190 distraxerint,
1386 3117 1475 3189 ignari
1491 3131 1551 3171 eam
1578 3117 1647 3170 vitio
1663 3111 1788 3173 laborare

144 3183 348 3252 venditionem,
374 3199 432 3240 rem
451 3184 519 3238 vitio
536 3183 639 3240 latente
659 3185 798 3254 laborare,
825 3186 843 3240 Ι.
867 3188 890 3242 si
907 3201 950 3242 ra·
1006 3208 1080 3248 secus
1096 3190 1120 3246 si
1137 3189 1146 3240 i
1166 3207 1194 3244 se
1220 3189 1345 3246 dominus
1362 3207 1395 3246 ex
1422 3185 1507 3244 libera
1525 3179 1692 3251 voluntate)
1716 3188 1787 3244 Ant.

143 3273 212 3308 men.
230 3251 272 3321 Ati.
292 3245 317 3325 ᾗ.
336 3257 378 3323 ei,
403 3255 450 3322 qui
466 3247 491 3306 5.
510 3252 543 3312 (il
560 3249 587 3320 4.
599 3249 637 3326 ff
656 3253 682 3311 Ι.
701 3270 721 3309 t.
739 3252 812 3325 Quid
831 3251 898 3324 juris
916 3258 951 3312 sit
998 3257 1125 3318 larrhsus
1142 3208 1175 3316 (fe
1192 3261 1307 3316 aaaron.
1320 3257 1364 3314 lib.
1379 3276 1402 3314 ι.
1421 3269 1476 3380 rag.
1487 3251 1513 3310 8.
1523 3273 1550 3309 rr.
1562 3253 1605 3322 24.
1624 3252 1666 3310 25.
1686 3255 1709 3310 si
1720 3270 1786 3312 ven..

139 3325 214 3380 eirca
231 3331 299 3380 servi
317 3325 344 3381 δι
362 3323 467 3382 domini
483 3329 625 3380 scoenuam
642 3337 693 3380 aut
709 3328 907 3396 ignorantium,
927 3331 948 3380 si
979 3330 1048 3386 dltlo
1065 3325 1161 3386 fiscalis
1178 3325 1268 3399 suerit,
1285 3329 1314 3385 id
1331 3341 1391 3398 est,
1408 3327 1432 3382 si
1468 3341 1526 3380 scus
1542 3339 1600 3380 rem
1618 3337 1697 3381 suam
1715 3343 1784 3382 ven·

142 3411 236 3450 ”wau
262 3390 304 3451 vel
321 3409 355 3449 ex
372 3392 501 3448 mandato
516 3392 621 3448 domini
647 3411 704 3450 rem
721 3408 820 3450 certam
838 3395 950 3465 roserit,
979 3399 1046 3457 dat:
1064 3412 1169 3467 contra,
1186 3397 1391 3470 quamobtinet,
1407 3399 1430 3450 si
1440 3393 1589 3462 respublica
1606 3405 1652 3451 aut
1669 3392 1786 3464 pupillus

142 3463 185 3522 vel
202 3464 262 3521 sine
278 3463 383 3520 domini
400 3463 529 3520 mandato
559 3479 614 3518 rem
631 3467 724 3520 emerit
751 3467 876 3522 vitiosam
903 3482 951 3522 suo
978 3479 1025 3524 aut
1042 3469 1141 3526 civitas
1157 3484 1246 3524 rerum
1268 3467 1430 3523 sitiosarum
1446 3460 1646 3522 distrafflonem
1673 3459 1764 3520 feeerit
1774 3505 1785 3535 ,

142 3531 187 3591 vel
203 3533 308 3590 domini
327 3538 455 3604 nomine,
484 3529 526 3589 vel
544 3533 658 3603 denique
675 3535 830 3592 mandatum
848 3536 951 3590 domini
980 3539 997 3593 Ι.
1013 3555 1036 3593 ι.
1053 3532 1078 3612 p⁴
1097 3537 1166 3593 illud
1181 3534 1206 3592 3.
1224 3535 1251 3604 4.
1270 3535 1295 3594 5.
1312 3534 1346 3606 ff.
1366 3535 1422 3592 b.r.
1442 3531 1508 3592 Non
1525 3534 1611 3589 etiam
1629 3531 1717 3589 loctun
1734 3531 1785 3589 ha·
1886 3586 1891 3594 .

141 3603 223 3662 dere
241 3608 343 3660 incerta
359 3605 474 3662 emenda
492 3604 688 3670 intercesserit3
707 3605 950 3670 qiuditidemcirca
979 3605 1045 3664 beot
1062 3610 1092 3664 in
1110 3609 1266 3664 venditione
1283 3621 1373 3663 rerum
1390 3603 1603 3673 simplariarum,
1622 3603 1724 3673 idest,
1742 3603 1787 3658 vi-

141 3671 472 3740 procuratoristrdomini
489 3674 643 3730 mandantis
659 3675 802 3732 scientiam
818 3687 864 3730 aut
875 3679 951 3745 igno-
980 3676 1096 3744 liortsm,
1114 3693 1225 3744 quarum
1242 3679 1354 3734 nomine
1371 3691 1427 3730 non
1445 3676 1475 3728 in
1484 3670 1594 3740 duplum
1611 3672 1658 3729 sed
1676 3677 1703 3728 in
1721 3672 1786 3728 sim·

144 3746 262 3820 santiam
279 3742 453 3834 statuendum
470 3742 515 3810 sir,
532 3743 592 3798 vide
602 3742 707 3810 plenius
715 3739 950 3800 transsumam-
979 3746 1052 3816 plum
1069 3740 1361 3804 tantumdeeviliione
1376 3741 1526 3800 cavendum
1543 3737 1605 3812 luit,
1624 3741 1675 3796 bri
1693 3757 1786 3798 tamen

143 3811 214 3883 Jacio
231 3805 345 3866 trabib.
364 3807 585 3881 adAfiu‘camaem,
602 3810 643 3867 od
657 3813 728 3868 lii.
739 3809 778 3884 ff
799 3812 823 3868 Ι.
834 3829 854 3866 t.
873 3812 951 3870 Adde
979 3814 1023 3884 db.
1040 3812 1065 3889 β.
1084 3816 1130 3872 ult.
1135 3811 1172 3886 ff
1183 3814 1208 3870 b.
1218 3833 1238 3871 t.
1250 3813 1331 3884 iunii.
1341 3814 1359 3868 Ι.
1369 3815 1462 3869 emtori
1477 3810 1593 3882 duptam.
1604 3805 1649 3883 37.
1666 3803 1691 3882 ᾗ.
1715 3829 1737 3868 ι.
1750 3807 1788 3881 ff

142 3878 314 3940 ssacbovium
331 3877 371 3932 ad
378 3881 632 3937 mensuramus.
651 3881 715 3950 disp.
723 3899 747 3936 2.
764 3880 801 3937 ιΙ.
813 3878 837 3938 5.
857 3883 896 3938 lie.
915 3881 949 3939 C.
979 3886 1010 3940 de
1027 3887 1147 3942 eoiiiion.
1159 3903 1209 3943 nec
1227 3887 1257 3940 in
1275 3881 1477 3950 donationibus,
1495 3883 1562 3938 adeo
1579 3895 1610 3938 ut
1628 3897 1662 3936 ne
1678 3880 1712 3939 de
1731 3884 1784 3936 im-

140 3948 268 4025 Stientise
286 3961 377 4008 autem
394 3950 506 4007 emtoris
524 3949 610 4006 simile
628 3947 799 4020 habendum,
825 3954 950 4008 siemtor
980 3956 1066 4020 pensis
1080 3954 1188 4025 quidem
1215 3956 1244 4010 in
1262 3970 1318 4010 rem
1334 3953 1462 4014 donatam
1521 3951 1724 4009 rdonatarium
1743 3947 1785 4007 la-

142 4017 242 4079 arrives
260 4017 359 4088 fuerit,
376 4019 405 4077 δι
422 4019 567 4076 secundum
585 4025 652 4076 artis
668 4039 720 4078 sue
738 4033 866 4091 precepta
884 4022 951 4076 scire
978 4023 1029 4083 iiis
1053 4025 1169 4081 donator
1186 4036 1329 4093 teneatur,
1355 4040 1389 4078 ne
1407 4019 1492 4078 libera
1505 4021 1580 4078 iretis
1606 4037 1659 4078 sua
1676 4036 1784 4089 ponam

143 4085 225 4146 facile
242 4094 357 4156 potuerit
375 4102 456 4157 atque
473 4087 597 4166 debuerit
614 4091 730 4159 vitium,
756 4089 826 4158 quod
844 4090 950 4158 urbest,
979 4092 1081 4164 subeat,
1100 4094 1152 4150 nisi
1170 4098 1198 4148 in
1215 4093 1278 4152 dolo
1295 4099 1340 4162 sit,
1358 4091 1376 4148 Ι.
1395 4090 1489 4146 adres
1506 4089 1620 4146 &naras
1638 4088 1682 4146 62.
1701 4087 1734 4160 ff.
1754 4091 1783 4148 Ι.

137 4157 257 4221 Masius
274 4160 307 4216 ad
335 4160 370 4214 'us
380 4157 476 4215 Lubet.
486 4158 530 4214 tib.
541 4153 566 4214 5.
579 4175 599 4214 r.
608 4157 635 4216 6.
646 4177 699 4216 art.
713 4159 754 4218 15.
764 4180 790 4214 n.
800 4159 825 4216 6.
841 4159 948 4232 &coqu
980 4157 1579 4237 r.arg.Asirroait18.§.ult.ffile.donat.
1611 4156 1665 4216 sed
1685 4176 1734 4217 nec
1753 4162 1783 4217 in

184 4243 223 4286 ιο.
242 4179 401 4286 Veneroris
417 4231 577 4295 scientiam,
604 4241 651 4286 aut
669 4231 853 4304 ignorantiam
881 4231 951 4302 quod
979 4229 1177 4302 locationibus,
1196 4234 1273 4304 idque
1291 4231 1333 4290 vel
1349 4235 1411 4301 quia
1429 4247 1565 4302 nunquam
1593 4227 1709 4312 edilium
1730 4228 1782 4286 hae

142 4301 253 4368 attinet,
267 4318 298 4357 ea
316 4311 447 4368 quantum
464 4299 498 4356 acl
509 4295 557 4354 bas
567 4293 684 4358 abiiones
693 4316 749 4356 non
757 4300 950 4370 consideratur,
978 4305 1012 4361 de
1028 4320 1058 4359 re
1076 4301 1223 4374 Jurrsdrllro
1242 4300 1312 4373 fuit,
1346 4301 1388 4358 vel
1405 4305 1467 4372 quia
1494 4316 1550 4356 uon
1567 4299 1691 4354 similiter
1709 4298 1784 4356 loca-

136 4371 208 4430 dum
227 4369 336 4440 placuit,
354 4369 536 4438 venditorem,
552 4371 657 4426 etiamsi
675 4370 813 4440 ignoravit
831 4385 878 4438 ea,
895 4389 951 4440 qua
978 4373 1068 4430 tiones
1086 4385 1115 4428 ut
1135 4373 1303 4431 venditiones
1314 4369 1392 4440 fiunt,
1409 4375 1428 4424 Ι.
1439 4368 1572 4425 sciendum
1589 4381 1627 4425 ert
1645 4363 1691 4422 oi.
1706 4363 1742 4437 ff.
1753 4367 1780 4425 Ι.

142 4441 232 4502 aediles
248 4441 366 4508 prestari
386 4435 496 4506 iubebit
514 4455 605 4496 tamen
624 4441 710 4498 teneri
727 4437 824 4498 debere
841 4436 876 4509 (si
892 4457 950 4493 mo-
979 4459 1019 4508 r.,
1037 4441 1120 4500 idest
1136 4443 1200 4513 quia
1218 4459 1273 4497 non
1301 4442 1340 4496 ita
1358 4441 1387 4495 in
1407 4436 1587 4495 locationibus
1614 4439 1649 4496 de
1667 4437 1785 4498 transfe-

143 4511 181 4572 do
197 4510 313 4580 excipias
338 4512 497 4567 servitutem
520 4507 636 4566 celatam
653 4511 798 4576 secundum
816 4525 866 4578 ea,
894 4527 950 4579 quz
979 4512 1062 4569 tenda
1080 4514 1118 4568 rei
1136 4518 1297 4582 proprietate
1314 4514 1421 4580 agnurs
1449 4521 1526 4582 atque
1542 4508 1649 4576 quidem
1669 4508 1699 4561 in
1718 4526 1784 4565 ven-

55 4641 60 4650 ,
141 4600 222 4651 supra
240 4601 315 4638 num,
329 4598 350 4635 ι.
372 4575 479 4648 notata)
496 4585 556 4649 quia
575 4596 632 4635 non
650 4581 888 4642 interest-emtorls
915 4595 949 4634 an
979 4580 1135 4651 ditionibus,
1151 4583 1189 4652 or,
1225 4601 1263 4639 ua
1282 4579 1434 4637 venditioni
1445 4576 1487 4632 hic
1496 4575 1604 4646 similer,
1622 4576 1639 4632 Ι.
1652 4576 1789 4634 sciendum

145 4657 154 4708 i
175 4657 301 4710 notantia
320 4649 468 4721 venditoris
487 4645 616 4719 fallatur,
633 4665 669 4704 an
686 4647 844 4717 calliditate,
861 4617 904 4704 ul.
927 4665 949 4704 r.
980 4667 1072 4706 tamen
1094 4665 1132 4722 ¹9·
1150 4645 1177 4722 35.
1196 4599 1288 4707 Zinds
1306 4648 1331 4706 5.
1335 4646 1373 4718 ff.
1384 4646 1411 4704 i.
1421 4643 1453 4715 r.)
1471 4645 1722 4717 permutationibus,
1739 4665 1790 4706 nee

136 4669 173 4796 ff
191 4741 275 4778 rausa
293 4737 318 4776 2.
331 4715 369 4791 ff.
388 4718 417 4775 Ι.
434 4736 455 4776 ι.
473 4714 607 4791 Quamvis
624 4717 769 4788 venditor,
790 4719 836 4788 qui
854 4721 951 4775 vitium
980 4731 1059 4778 tanta
1078 4719 1150 4779 lesio
1167 4739 1222 4778 esse
1240 4731 1326 4788 potest
1343 4729 1451 4787 propter
1469 4717 1567 4782 virituu
1583 4721 1621 4773 rei
1641 4717 1671 4772 in
1688 4733 1790 4774 merct-

140 4793 242 4921 scivitl,
253 4789 522 4916 insuffiadddarmni
538 4793 641 4916 tJItiIus,
657 4789 728 4860 quod
744 4793 841 4852 autori
858 4805 891 4850 ex
911 4791 950 4845 si-
980 4791 1014 4856 de
1029 4790 1188 4868 locuioms
1201 4799 1449 4866 prorumpente
1484 4783 1574 4850 uidem
1592 4792 1620 4846 iu
1640 4787 1728 4857 pretio
1745 4802 1790 4847 rt·

238 4877 278 4918 oet
296 4881 314 4916 a
371 4877 434 4918 an.
471 4880 523 4918 sm.
594 4900 602 4918 .
