4040 5364
290 334 293 340 Ι
733 251 783 317 De
801 247 1063 318 Procuratott'bttt
1080 241 1140 319 idco
1651 230 1721 342 157

119 335 182 400 licet
200 335 299 413 inscio,
319 331 437 408 tradere
453 335 515 402 ein
527 339 675 401 nonalianr
694 343 832 417 innuptis,
847 361 930 416 quam
961 359 1118 418 inceptum,
1137 331 1264 414 in'cuius'
1276 337 1437 402 executione
1457 335 1494 399 lm
1528 357 1588 400 nsas
1606 334 1709 404 l'ac'iem
1725 342 1774 404 12⁴

120 410 272 498 virginibus
291 411 449 485 viduisque,
467 411 664 472 observandam
679 417 871 486 decentemque
888 435 929 475 se·
960 433 1003 474 stre
1019 429 1088 489 erat,
1105 415 1224 486 adeoque
1240 431 1285 471 ma
1305 416 1327 471 is
1343 415 1469 473 adversus
1498 423 1587 470 actam
1604 431 1657 472 ase
1667 417 1774 486 irnpend

121 499 168 540 xus
185 483 381 542 verecundiam
399 489 535 552 requirere
552 483 631 542 liceat
648 495 696 544 aut
714 487 854 558 invenire,
881 505 930 543 nec
960 487 1068 545 dionem
1085 485 1265 544 solutionem.
1285 431 1322 544 51
1340 490 1465 554 quamvis
1483 483 1523 555 jus
1541 488 1701 542 canonicum
1719 485 1773 540 ml-

89 591 91 594 ·
120 553 278 625 probrosum
306 565 462 624 essequeat
483 556 618 624 innupta
665 557 738 626 quod
764 557 931 616 verecundia
962 571 1041 616 nores
1058 558 1138 614 annis
1147 554 1217 612 151
1222 556 1415 638 procuratorio
1431 553 1542 624 repellat
1551 571 1670 627 muliere,
1683 572 1778 628 quan·

122 639 271 698 congruum
289 624 319 680 in
339 626 454 694 innupta
472 619 605 684 habetur.
654 642 699 682 atu
713 629 784 700 quod
793 629 930 688 Constan-
962 640 1020 686 tum
1038 629 1073 687 ad
1091 629 1202 700 negotia
1220 625 1374 698 peteme,
1392 641 1448 696 rap.
1467 627 1513 698 pai
1525 627 1683 700 generaliter
1699 626 1725 684 5.
1743 631 1773 682 in

119 699 192 752 tinus
216 699 245 751 in
262 695 282 750 l.
300 698 418 752 moritur
435 709 479 752 at.
497 697 525 752 C.
544 695 570 752 h.
588 713 610 754 t.
638 700 793 769 rescripsit,
818 699 932 756 maritos
955 695 1022 772 fine,
1040 697 1072 754 dr
1086 713 1247 768 procurator.
1267 701 1295 754 in
1311 695 1338 760 6.
1357 709 1450 754 tamen
1478 698 1506 756 id
1523 713 1572 754 usu
1590 713 1646 752 non
1670 701 1779 754 1111111·

121 783 194 836 posse
212 771 271 825 sine
288 765 421 822 mandato
439 783 488 835 pro
505 767 560 824 suis
577 765 706 824 tatoribus
733 773 762 826 in
780 770 830 826 lite
846 768 932 826 subsi-
963 775 1053 826 verius
1068 781 1127 840 est,
1144 768 1209 826 dum
1226 769 1312 825 etiam
1329 765 1438 840 publico
1455 779 1661 837 procurm'otum
1677 767 1772 826 ordini

117 848 207 902 steret
231 856 263 891 rte
273 833 390 908 femine
406 835 462 893 litis
508 836 655 908 renuendo
671 837 777 897 obtentu
795 843 824 895 in
841 855 931 896 conte-
963 856 1017 896 non
1027 841 1126 910 minus,
1142 855 1222 908 quam
1231 841 1426 898 adt-ocatorum
1444 853 1567 910 numero,
1584 833 1702 895 adscribi
1719 837 1774 893 nri-

124 909 240 964 nuliarn
257 905 415 963 matronalis
430 923 465 977 pe
512 910 536 964 it
553 907 722 966 irreonenter
747 914 871 981 irruant,
899 907 933 971 <a
963 925 1043 968 nores
1059 911 1225 979 experientia
1243 919 1368 982 testatur,
1387 907 1480 966 Saude
1497 907 1654 966 arctata.
1673 905 1732 965 libr.
1747 925 1771 966 1.

122 973 291 1034 conuentibus
308 979 425 1034 airorntn
442 978 486 1034 vel
495 978 610 1050 judiciis
638 982 761 1037 interme
786 997 931 1054 cogantnr3
962 983 1006 1037 tit.
1024 975 1050 1036 3.
1069 977 1146 1052 defin.
1166 976 1193 1036 5.
1222 975 1268 1040 Ne
1283 980 1392 1053 dicam,
1411 977 1481 1036 hanc
1501 984 1566 1050 tutia
1582 981 1709 1038 canonici
1727 979 1774 1036 di-

75 1101 79 1110 ,
126 1064 185 1105 noo
204 1064 237 1104 eo
252 1045 373 1104 mulieres
392 1047 500 1118 repulsa
517 1057 598 1116 1111111
625 1049 671 1107 sed
688 1049 744 1107 sola
766 1053 873 1107 nnat-itia
899 1051 933 1108 de
962 1051 1136 1120 spositionem
1153 1069 1210 1108 non
1229 1049 1357 1125 aliunde,
1374 1065 1458 1121 quam
1474 1067 1508 1110 er
1526 1061 1614 1108 vetere
1632 1050 1771 1108 communi

122 1119 250 1188 pudicitia
268 1120 359 1175 uxoris
376 1137 428 1176 sua
446 1113 516 1175 sorte
526 1117 716 1192 formidolosis,
733 1121 812 1180 data·
848 1133 933 1179 testas
964 1127 1143 1189 interpretum
1160 1138 1251 1179 errore
1272 1137 1348 1180 satam
1364 1126 1478 1180 traxisse
1495 1121 1630 1194 originem
1640 1133 1654 1196 ,ἢ
1667 1133 1697 1180 ut
1708 1139 1775 1193 pro-1
1817 1161 1822 1167 -

121 1188 285 1246 subsistendi
302 1207 351 1269 pro
368 1205 401 1245 ea
420 1191 449 1248 in
468 1185 577 1262 judicio,
591 1192 621 1250 dr
640 1191 679 1246 ita
695 1139 847 1264 eliciendi}
863 1209 898 1249 ne
909 1192 932 1246 i·
964 1192 1027 1248 inde
1045 1207 1095 1248 nec
1112 1192 1212 1248 mirum
1230 1193 1278 1266 sit,
1294 1209 1384 1250 errore
1403 1191 1454 1247 hot
1472 1197 1544 1250 cirea
1571 1189 1634 1262 juris
1652 1189 1772 1250 Romani

118 1275 167 1328 psa
185 1275 296 1332 cogatur
314 1255 421 1330 tudiciis
438 1261 583 1319 interesse.
602 1259 651 1334 At,
668 1259 751 1320 in‘stat
769 1260 832 1335 ille,
850 1266 931 1320 inter·
963 1259 1061 1330 placita
1079 1279 1152 1318 nttnc
1169 1263 1256 1336 magis
1275 1261 1410 1321 illustrata
1429 1261 1558 1336 discusso,
1575 1265 1659 1320 etiam
1676 1261 1771 1336 displi-

119 1345 160 1386 ert
177 1333 285 1401 enariti,
303 1349 354 1385 non
371 1325 530 1397 Mandaei
546 1335 632 1388 uxoria
648 1345 733 1402 opera
751 1344 833 1404 paam
843 1331 932 1390 151111-
962 1333 1047 1389 tuisse
1064 1336 1093 1386 in
1113 1328 1172 1389 foro
1189 1329 1240 1388 hoc
1260 1331 1397 1392 Bonifatii
1414 1334 1592 1406 rescriptum.
1608 1331 1709 1391 -Aliter
1726 1345 1771 1392 ta·

119 1401 192 1456 stitit
210 1399 261 1456 illa
278 1399 354 1456 rebus
371 1399 519 1469 impendere
536 1399 646 1458 addicta
670 1417 730 1470 ert,·
757 1402 786 1459 id
804 1419 870 1460 vero
888 1399 931 1460 fu·
963 1417 1024 1460 men
1042 1419 1099 1460 sese
1115 1421 1157 1459 res
1174 1399 1255 1460 habet
1279 1405 1309 1460 in
1327 1401 1515 1464 defensoribus
1531 1404 1660 1461 mandato
1679 1405 1773 1463 desti·

116 1473 229 1542 mrum,
246 1472 270 1528 si
289 1467 426 1542 judicialia
439 1483 529 1556 posset
549 1474 607 1529 sine
625 1473 718 1528 mariti
734 1490 866 1531 consensu
885 1491 932 1530 ne·
962 1474 1049 1551 rutis3
1075 1473 1173 1543 quippe
1188 1478 1233 1544 qui
1251 1491 1299 1531 suo
1314 1489 1413 1532 cuncta
1430 1473 1548 1544 periculo
1564 1483 1715 1534 tractantes
1739 1474 1770 1531 in

116 1543 192 1614 gotia
210 1536 339 1611 trauan,
359 1532 539 1598 familiaribus
567 1541 712 1615 neglectis.
740 1541 843 1600 Verum
868 1547 932 1626 quid
963 1541 1073 1614 iudicio,
1090 1546 1119 1602 dr
1136 1545 1277 1603 sententia
1293 1545 1481 1603 executionem
1498 1545 1640 1616 patientes,
1657 1542 1684 1601 d.
1704 1541 1769 1614 dd.
1867 1555 1870 1567 ’

118 1627 207 1681 queso
224 1611 299 1669 aliud
317 1613 399 1684 inde,
416 1627 499 1681 quam
517 1621 548 1670 ut
566 1612 699 1671 maritalis
716 1613 857 1683 potestatis
876 1629 932 1682 pure
955 1609 994 1683 ff.
1009 1611 1042 1667 dr
1059 1629 1088 1669 re
1099 1611 1187 1687 judit.
1206 1612 1261 1686 ejus
1278 1613 1377 1674 debent
1394 1615 1483 1674 aetatis
1499 1633 1565 1684 esse,
1582 1627 1612 1672 ut
1631 1616 1771 1672 restitutio

25 1689 33 1711 ⁸
117 1683 173 1752 vir,
191 1683 215 1738 si
234 1679 304 1738 hanc
324 1680 476 1740 alienorum
493 1699 596 1754 curam,
614 1683 650 1740 ab
668 1699 751 1750 uxore
767 1695 931 1754 atsceptam,
962 1699 996 1740 ex
1013 1686 1101 1751 capite
1118 1685 1342 1742 minorennitatis
1360 1683 1449 1742 locum
1466 1701 1523 1742 non
1536 1687 1671 1768 inveniar,
1688 1685 1770 1742 adeo·

118 1753 171 1808 sibi
189 1767 302 1827 gratem
320 1766 396 1822 putet
416 1763 498 1826 atque
514 1754 691 1826 damnosam,
710 1755 843 1864 impediat
861 1753 889 1812 id
908 1755 930 1806 i-
962 1769 1013 1822 que
1030 1751 1217 1824 majorenneat
1245 1773 1281 1812 ne
1297 1752 1417 1828 alloquin
1434 1758 1463 1816 or
1481 1756 1545 1824 ipsis
1562 1759 1591 1815 &
1609 1753 1771 1826 fidejussori-

117 1839 202 1893 psum,
220 1839 348 1904 suamque
365 1823 440 1879 dorni
468 1839 581 1881 uxorem
604 1827 760 1884 continear.
793 1824 931 1882 Adversa·
963 1823 1011 1880 but
1028 1839 1121 1882 eorum
1138 1843 1186 1894 per
1203 1827 1234 1883 in
1253 1825 1386 1900 integrum
1407 1826 1608 1884 restitutionem
1632 1841 1772 1882 succurra-

117 1896 187 1950 riutn
206 1893 302 1952 saltem
320 1911 391 1962 epus,
410 1895 455 1964 qui
473 1893 581 1950 mulieri
608 1893 664 1954 hac
681 1895 811 1953 mandata
838 1895 932 1965 dedit,
962 1907 1007 1952 tur
1018 1935 1028 1965 ,
1055 1903 1135 1965 atque
1154 1896 1193 1950 ita
1212 1896 1291 1954 irrita
1309 1896 1482 1956 redderentur
1499 1891 1618 1967 judicia,
1647 1895 1665 1951 l.
1684 1899 1771 1952 minor

118 1976 147 2022 ta
185 1983 231 2022 ete
249 1966 344 2033 nequit
366 1981 398 2020 ea
417 1966 497 2036 ratio,
516 1984 565 2023 nec
582 1972 609 2024 ei
626 1967 689 2024 inde
705 1965 791 2023 asseri
820 1962 932 2043 5111111-
961 1965 1006 2022 51.
1025 1967 1054 2039 ip
1068 1965 1152 2035 princ.
1170 1961 1205 2036 5.
1224 1965 1256 2021 de
1269 1981 1400 2036 procurat.
1418 1964 1453 2028 6
1469 1962 1621 2040 definierit.
1640 1965 1770 2041 51113111-

118 1983 188 2104 quii
207 2033 354 2105 repellendi
372 2037 532 2106 exceptione
558 2039 765 2107 procuratorio,
792 2035 853 2095 lites
871 2053 932 2105 pro-
963 2035 1000 2091 do
1022 2049 1062 2092 ra.
1081 2034 1109 2089 C.
1129 2035 1155 2093 b.
1173 2052 1194 2092 t.
1545 2035 1549 2046 ’
1770 2067 1774 2074 -

118 2105 230 2175 telante,
248 2102 332 2160 talem
351 2103 502 2176 mulierem,
520 2109 648 2178 quamdiu
668 2107 710 2182 pir
726 2108 790 2179 ipse,
806 2105 932 2180 111511110-
998 2117 1025 2178 7.
1054 2100 1105 2161 list
1131 2119 1223 2166 autem
1248 2120 1405 2176 procurator
1430 2104 1499 2166 alius
1523 2104 1675 2192 generalis,
1700 2103 1771 2164 alius

119 2175 169 2234 lius
185 2182 310 2246 interest,
332 2171 406 2231 haud
426 2177 590 2236 intercedit.
963 2174 1102 2248 specialis,
1132 2193 1189 2246 qua
1215 2178 1313 2236 divisio
1335 2181 1370 2238 ad
1397 2175 1611 2249 extrap‘udrcialia
1639 2193 1711 2246 aque
1738 2193 1772 2234 10

151 2246 179 2304 6.
198 2245 339 2306 Minorem
356 2247 438 2303 annis
455 2248 555 2321 viginti
617 2247 715 2320 inque,
744 2251 766 2305 si
784 2245 865 2306 modo
882 2262 931 2304 an·
951 2246 997 2312 ad
1026 2244 1164 2315 judicialia
1192 2249 1303 2322 negotia
1331 2251 1463 2320 pertinet.
1491 2247 1621 2318 Specialis
1648 2247 1771 2318 dicitur,

119 2333 184 2375 1111111
203 2315 358 2387 impleverit
375 2317 518 2388 seminum
536 2335 568 2375 ac
603 2319 729 2390 acimum,
748 2335 804 2375 non
822 2321 932 2392 magist
963 2317 1010 2384 qui
1027 2315 1062 2376 ad
1079 2331 1182 2376 certam
1199 2332 1306 2375 cassam
1332 2317 1374 2378 vel
1393 2315 1483 2378 adium
1500 2317 1696 2388 expediendum
1720 2319 1772 2374 da-

120 2385 313 2445 Proeuratorie
332 2403 453 2459 munere,
471 2404 552 2456 quam
568 2386 758 2458 apostulando
775 2389 872 2458 arceri,
890 2388 932 2445 vel
963 2398 1007 2444 tus
1024 2401 1077 2445 est.
1097 2386 1254 2460 Generalis,
1270 2391 1315 2448 cui
1332 2392 1425 2449 omnia
1443 2391 1554 2461 negotia
1588 2387 1688 2446 erendt
1705 2397 1771 2444 suot

121 2459 183 2516 inde
200 2469 319 2528 constat,
338 2459 410 2534 qupd
428 2457 496 2513 olitn
514 2475 545 2516 eo
564 2470 642 2516 atate
660 2459 780 2528 potuerit
798 2459 933 2517 adomino
963 2456 1144 2516 detnandtta.
1173 2457 1212 2517 lit
1229 2458 1274 2516 hic
1294 2461 1393 2519 iterum
1411 2459 1455 2519 vel
1471 2477 1533 2516 cunt
1550 2405 1633 2516 diora
1652 2456 1773 2514 admini-

114 2535 224 2586 'minore
241 2529 400 2585 manumitti
418 2546 510 2586 serus
545 2528 708 2586 rocuratori's
725 2527 844 2586 habendi
871 2545 933 2602 gra·
964 2532 1091 2585 irratione
1107 2533 1302 2600 constituitur,
1330 2529 1372 2589 vel
1389 2530 1568 2601 simpliciter,
1593 2547 1650 2586 non
1677 2529 1777 2587 addita

121 2600 171 2670 tia,
190 2593 217 2674 5.
230 2598 314 2671 josto
332 2597 358 2654 5.
378 2601 462 2656 instit.
480 2547 551 2670 poti.
570 2620 602 2654 aa
615 2619 690 2657 coar.
709 2601 865 2666 manumitt.
883 2619 933 2655 non
964 2597 1052 2656 libere
1070 2597 1313 2658 administrationis
1330 2612 1480 2670 potestate.
1507 2598 1579 2656 Cum
1597 2598 1682 2656 libera
1707 2600 1773 2670 quid

121 2671 190 2742 licet,
208 2669 228 2724 l.
246 2670 271 2724 ri
286 2665 466 2728 collaetantur
489 2667 530 2727 15.
542 2667 579 2740 ff.
598 2668 632 2724 de
648 2671 823 2726 mannenitrit
845 2669 933 2726 vineti·
963 2669 1025 2727 dem
1042 2669 1277 2730 administratione
1303 2670 1383 2728 datus
1400 2672 1492 2728 onmia
1511 2665 1565 2728 fere
1582 2680 1687 2739 potest,
1714 2685 1772 2738 qua

124 2757 188 2798 cta.
208 2735 270 2798 Nec
287 2752 337 2810 est,
354 2739 428 2812 quod
447 2738 474 2795 d.
493 2740 558 2816 lrgrt
585 2740 619 2798 de
636 2751 809 2809 procuratore
831 2741 866 2797 ad
886 2758 932 2796 ne·
963 2741 1019 2810 ipse
1036 2739 1177 2810 dominusq
1194 2743 1233 2799 sic
1250 2753 1281 2800 ut
1299 2757 1357 2798 non
1374 2743 1457 2800 modo
1474 2752 1586 2818 urgente
1605 2739 1774 2809 necessitate,
1852 2790 1855 2798 ,

122 2812 197 2886 gotia
223 2812 432 2880 interpreteris3
459 2827 520 2868 cum
548 2812 589 2865 its
617 2809 692 2866 nulla
720 2808 837 2868 arabesser
865 2824 933 2882 pasta
963 2811 1008 2868 sed
1025 2813 1054 2869 81
1071 2811 1199 2870 suadente
1216 2811 1323 2870 domini
1340 2811 1495 2868 mandantis
1512 2808 1640 2880 utilitate,
1659 2827 1701 2865 res
1718 2807 1782 2864 do·-

122 2899 200 2940 causa
217 2883 441 2954 manumittendi,
459 2899 506 2950 per
522 2879 668 2937 consilium
685 2897 719 2938 ex
728 2880 878 2938 dictamine
895 2880 933 2938 le
963 2881 1033 2934 mini
1060 2877 1178 2940 alienare
1195 2883 1297 2952 possit,
1320 2882 1350 2940 81
1376 2883 1406 2938 in
1424 2879 1602 2948 accipientem
1627 2877 1771 2937 dominum

141 2956 164 3008 is
186 2950 275 3010 AElitt
295 2947 395 3008 Senti-e
423 2951 584 3022 probanda:
610 2950 674 3007 dum
692 2967 764 3022 aque
786 2967 875 3008 servos
901 2967 933 3006 ac
964 2947 1108 3010 transferre
1142 2953 1160 3007 l.
1178 2951 1287 3008 creditor
1303 2944 1346 3008 60.
1361 2944 1387 3024 5.
1405 2949 1456 3008 ultr
1467 2946 1506 3022 ff.
1526 2948 1662 3023 mandati,
1679 2950 1697 3006 l.
1713 2962 1772 3017 pra-

119 2969 244 3089 iiberos,
263 3019 411 3088 impuberes
428 3029 500 3092 bqtre
516 3039 549 3078 ac
567 3017 696 3092 puberes,
721 3018 933 3090 extrajudiciali-
964 3036 1068 3078 curator
1086 2989 1128 3076 55.
1140 3019 1179 3094 5
1198 3021 1223 3078 b.
1241 3014 1369 3096 1541111
1387 3023 1489 3078 ratione
1505 3015 1550 3146 55.
1569 3020 1659 3077 instit.
1679 3017 1711 3074 de
1727 3037 1778 3076 re-=

120 3095 171 3152 bus
189 3091 312 3160 petuisse
330 3095 443 3162 negotiis
461 3090 578 3162 pratici,
595 3108 628 3146 ex
646 3090 818 3149 institoribus
843 3088 933 3150 taber·
964 3088 1158 3148 sandicina
1194 3109 1231 3146 tea
1248 3091 1349 3148 iatione
1387 3085 1430 3166 ,5.
1448 3090 1507 3148 nihi
1535 3089 1562 3160 4.
1573 3085 1612 3162 5
1628 3087 1662 3146 dr
1678 3091 1775 3159 aratri«

118 3179 231 3232 nerunt,
251 3162 374 3218 &settis
386 3163 556 3222 dominorum
573 3177 682 3219 suerrum
699 3159 835 3234 actoribus
854 3171 934 3231 atque
964 3159 1042 3216 tenda
1059 3165 1163 3218 rerum'
1184 3162 1283 3219 ominio
1301 3103 1438 3234 (11115151
1462 3161 1537 3232 plene
1557 3166 1584 3218 el
1612 3161 1772 3219 mandatum

119 3228 364 3305 dispensatoribus,
391 3234 419 3290 in
438 3245 531 3304 aperto
547 3243 607 3302 est,
625 3227 712 3287 l.'sed
725 3230 759 3293 ia·
777 3235 802 3288 o·
819 3247 843 3306 7.
861 3225 887 3306 5.
910 3250 933 3288 1.
963 3231 1062 3290 dicitur
1082 3233 1109 3287 in
1128 3231 1154 3287 d.
1173 3233 1192 3288 l.
1211 3231 1254 3290 60.
1273 3231 1302 3302 5
1304 3274 1311 3289 .
1330 3229 1428 3304 11115
1449 3226 1591 3301 mandat.)
1607 3229 1665 3288 sola
1681 3229 1774 3288 dona*

119 3306 153 3370 dt
171 3321 197 3362 a.
219 3300 282 3358 l.8.
295 3297 333 3372 ff.
352 3301 385 3358 de
402 3306 512 3362 institor.
532 3305 635 3359 actione
660 3297 687 3376 5.
704 3317 778 3373 pono
797 3317 822 3375 7.
840 3305 869 3358 in
880 3301 932 3375 fin.
964 3302 1048 3360 tionis
1066 3297 1177 3360 licentia
1204 3306 1229 3360 ei
1245 3303 1396 3376 denegatae
1423 3319 1484 3359 cum
1501 3303 1604 3360 donare
1621 3299 1710 3373 potius
1732 3301 1772 3356 sit

121 3376 190 3434 Inrt.
211 3373 242 3429 dr
261 3375 372 3443 injuriis
399 3347 651 3443 51111ὶο115
671 3371 794 3444 depositi,
813 3374 831 3430 l.
849 3371 934 3445 legato
961 3371 1083 3443 perdere,
1101 3389 1182 3446 quam
1200 3372 1408 3442 administrare,
1437 3372 1456 3427 t.
1475 3386 1569 3428 contra,
1578 3373 1652 3444 juris
1670 3367 1713 3426 aii.
1731 3371 1776 3440 5.

115 3445 279 3523 generaliter
297 3439 342 3515 57.
353 3440 392 3514 5
399 3445 519 3520 delegat.
538 3457 564 3500 a.
602 3439 681 3520 leque
698 3443 873 3502 metuendum
891 3439 933 3498 fo—
964 3443 1011 3500 ult.
1028 3439 1114 3516 fflde
1128 3447 1235 3517 potiit,
1252 3445 1270 3500 l.
1281 3440 1481 3518 filiafamilias
1499 3451 1526 3513 7.
1543 3456 1582 3511 pr.
1603 3441 1638 3503 <⁸5
1653 3435 1681 3514 5.
1695 3437 1724 3495 5.
1735 3437 1776 3522 dp·

121 3539 158 3590 re,
178 3529 209 3575 ut
230 3513 330 3586 judicia
349 3515 526 3574 redderentur
551 3513 686 3572 clusoria·
714 3517 736 3571 si
756 3509 827 3570 sorte
845 3516 933 3569 minor
963 3512 1000 3580 5.
1017 3514 1077 3580 pari
1094 3532 1185 3571 orarem
1203 3512 1229 3583 4.
1242 3511 1280 3586 5
1298 3514 1329 3569 da
1347 3513 1436 3569 donat.
1454 3511 1494 3570 At
1512 3516 1552 3582 is,
1578 3513 1622 3567 cui
1639 3509 1772 3580 simpliei-

119 3590 201 3645 annis
220 3585 322 3657 viginti
340 3587 468 3658 quinque,
494 3583 544 3641 lite
561 3557 698 3654 perpercit
724 3584 932 3653 administrata,
964 3595 1006 3639 ter
1018 3601 1064 3640 -res
1082 3585 1302 3644 administranda
1321 3583 1455 3640 mandata
1472 3595 1551 3652 sunt,
1570 3599 1619 3638 nec
1637 3579 1749 3636 mobilia
1772 3612 1774 3620 ,

119 3657 324 3718 restitutionem
341 3659 514 3727 impetraret:
533 3672 596 3712 cum
612 3657 686 3712 enim
702 3669 737 3714 ex
762 3670 794 3710 ea
812 3651 861 3710 lite
878 3653 934 3708 sive
964 3669 1014 3710 nec
1041 3653 1213 3727 immobilia,
1238 3673 1287 3712 nec
1309 3669 1419 3723 servos,
1444 3657 1502 3710 sine
1527 3671 1540 3707 s
1573 3650 1637 3707 ciali
1663 3619 1773 3707 donini

121 3729 190 3788 bene
209 3727 267 3784 site
284 3725 354 3784 male
364 3727 551 3784 administrata
570 3724 676 3783 nullum
694 3725 870 3796 procuratori,
886 3721 934 3781 sed
964 3723 1094 3782 mandato
1111 3725 1230 3783 alienare
1249 3735 1352 3796 potest,
1378 3722 1575 3808 exceptissois
1592 3711 1771 3778 incilibus&
1867 3737 1873 3750 ··

120 3811 230 3858 tantum
247 3797 391 3854 mandanti
409 3797 540 3854 damnum
559 3795 713 3864 immineat,
729 3794 795 3851 dum
809 3795 934 3852 executio
963 3795 1023 3850 aliis
1040 3793 1132 3866 rebus,
1168 3813 1205 3852 ua
1224 3792 1304 3864 facile
1321 3811 1458 3864 corrumpi
1473 3803 1591 3878 possent,
1610 3789 1630 3846 l.
1644 3803 1771 3858 procera·

75 3879 78 3884 “
120 3873 260 3927 sententie
278 3885 335 3924 nou
354 3870 384 3922 in
403 3878 613 3939 procuratorem,
631 3867 682 3924 sed·
695 3867 781 3934 ipsum
798 3865 934 3924 11111ηά11-
963 3879 1003 3922 tor
1019 3814 1198 3923 1111111155.
1218 3861 1258 3936 5
1274 3865 1302 3922 l.
1319 3879 1343 3921 1.
1360 3861 1473 3921 Frustra
1500 3861 1535 3918 ad
1561 3857 1777 3944 subvertendam

119 3952 178 3996 tem
194 3937 336 4010 dirigenda
355 3949 406 4008 est,
424 3939 441 3994 l.
462 3941 484 3995 ti
503 3958 530 3992 ro
549 3957 601 3992 non
618 3935 644 4004 d.
661 3936 694 4007 5
705 3933 865 4006 drrojudr'c.
884 3951 933 3990 va·
963 3933 1033 3992 hanc
1050 3949 1253 4004 procuratorum
1269 3933 1432 3994 divitionem
1449 3933 1598 4006 allegabat,
1615 3947 1696 4003 eum,
1721 3947 1772 4000 qast

119 4029 170 4068 nus
189 4008 236 4067 ille
254 4011 434 4068 restitutionis
450 4019 536 4066 metus
552 4021 605 4079 est,
623 4005 700 4064 nulla
718 4007 830 4064 minoris
848 4004 933 4064 latior
964 4005 1227 4063 administrationem
1243 4005 1346 4078 habet,
1369 4004 1490 4062 alienare
1508 4019 1601 4073 posse,
1619 4001 1638 4058 Ι.
1653 4015 1712 4072 pen.
1730 3999 1775 4069 5..

121 4101 157 4140 ne
175 4091 336 4151 apparente.
365 4076 463 4148 Neque
479 4078 645 4136 contradicit
664 4074 737 4134 hisce
752 4075 846 4137 lutiae.
866 4073 931 4130 inl.
963 4073 1012 4131 red
1026 4073 1061 4137 dt
1086 4079 1112 4132 si
1128 4071 1155 4132 5.
1174 4071 1214 4146 5
1236 4074 1268 4130 dr
1283 4075 1378 4132 dinen.
1397 4072 1529 4144 tempora.
1545 4075 1682 4142 persepe.
1710 4089 1769 4128 non

119 4171 180 4208 cnm
199 4149 324 4207 mandat.
350 4148 397 4218 ad.
412 4145 449 4221 5.
469 4147 501 4204 de
519 4143 665 4204 enindribttt
675 4163 688 4212 ,⁴
712 4146 778 4204 dum
795 4143 854 4218 ait',
873 4143 932 4204 ledi
963 4145 1161 4217 ampliusposse
1179 4161 1251 4217 eum,
1267 4146 1311 4204 cui
1327 4141 1411 4200 libera
1428 4142 1628 4201 administratio
1644 4159 1770 4201 concessa

120 4221 280 4292 mendaque
298 4237 374 4292 posse
390 4225 525 4278 retinerem
542 4227 766 4292 procuratorem,
788 4217 812 4273 si
829 4214 934 4272 scilicet
962 4226 1023 4288 est,
1048 4217 1069 4274 l.
1088 4216 1114 4271 si
1129 4217 1275 4272 conwmrit
1296 4209 1336 4272 ru.
1385 4253 1393 4271 .
1411 4213 1460 4272 ult'.
1477 4212 1497 4270 l.
1521 4225 1561 4286 19.
1576 4209 1617 4286 5
1634 4211 1666 4269 dr
1680 4219 1772 4290 pigno·

119 4295 254 4362 impensas
272 4306 379 4348 servare
407 4301 524 4360 nequeat
552 4287 588 4346 ab
604 4304 655 4360 eo,
681 4285 758 4358 cujus
766 4296 933 4375 prostrator
962 4287 1080 4344 rotari
1099 4281 1274 4359 1511151111.
1293 4294 1319 4358 7.
1362 4281 1420 4339 .de
1436 4282 1568 4340 donation.
1587 4285 1605 4342 l.
1624 4302 1715 4341 contra
1725 4281 1774 4341 15.

121 4361 185 4438 fret,
201 4367 231 4423 dr
249 4361 311 4418 ideo
399 4377 435 4417 ue
448 4359 644 4420 testimendum
660 4375 737 4416 esse.
755 4356 934 4425 lutenintpri·
963 4349 1108 4430 511115
1125 4350 1770 4434 11111111111ραην1151115515.

120 4451 165 4492 mo
181 4433 293 4504 quidem
310 4431 354 4490 lex
375 4431 421 4486 'la
439 4447 498 4488 non
515 4429 550 4488 de
562 4441 737 4500 procuratore
755 4430 788 4486 ad
799 4426 870 4499 lites,
888 4425 933 4484 sed
963 4426 1055 4486 credin
1082 4426 1101 4485 l.
1119 4426 1145 4484 si
1160 4432 1217 4500 quir
1235 4421 1286 4482 bac
1302 4423 1347 4495 dt.
1365 4419 1393 4500 5.
1414 4439 1437 4482 1.
1447 4418 1488 4498 5
1512 4424 1688 4485 erraterrat.
1707 4424 1724 4479 l.
1744 4425 1774 4480 si
1849 4465 1854 4471 .

122 4505 154 4563 ad
173 4501 390 4572 emindicialia
408 4505 515 4575 negotia
552 4499 638 4560 debiti
663 4495 734 4557 forte
752 4497 934 4568 solutionem,
963 4491 1775 4571 ἰ111110111155511111151.111111115111111.515Ιί51ἰ

123 4577 195 4648 agit.
214 4574 271 4633 Sed
288 4577 316 4635 er
333 4575 356 4629 si
375 4572 410 4630 de
429 4541 548 4640 iudiciail
564 4576 729 4642 acciperetur
746 4578 933 4638 procuratore,
964 4585 1086 4632 earnm.
1104 4569 1133 4626 C.
1151 4566 1221 4640 quod
1234 4589 1296 4626 cum
1313 4587 1357 4638 ea,
1382 4566 1429 4640 proi
1443 4568 1525 4624 alien.
1550 4579 1642 4636 potest.
1660 4563 1680 4618 l.
1698 4566 1769 4618 sicut

124 4663 186 4704 oon.
198 4645 356 4705 redderetur
373 4639 505 4714 judicium
520 4640 568 4698 illa
581 4641 752 4700 restimtrone
769 4635 935 4702 elusatiumt
964 4631 1123 4712 1155111
1164 4640 1245 4697 acitci
1260 4637 1286 4696 5.
1302 4633 1342 4710 ff.
1358 4634 1428 4711 quib.
1447 4635 1514 4694 mod.
1523 4639 1549 4704 p*
1563 4655 1591 4692 re.
1608 4635 1651 4718 ool
1666 4629 1769 4702 hypati«

123 4735 182 4776 ntor
199 4717 296 4774 minor
314 4733 370 4772 non
390 4719 496 4772 veniret
513 4707 696 4780 restituendus
711 4721 807 4768 contra
824 4717 934 4768 senten·
964 4711 1028 4766 tolo.
1054 4711 1074 4767 l.
1097 4727 1121 4767 1.
1143 4653 1169 4785 5.
1198 4727 1221 4767 1.
1240 4703 1279 4780 5
1305 4726 1362 4779 qua
1386 4727 1427 4766 rer
1450 4709 1529 4783 pige·
1578 4701 1770 4762 nsulerandunt

123 4791 200 4862 tiam,
218 4803 281 4858 qua
298 4803 355 4844 uon
377 4786 502 4856 uictori,
518 4783 564 4842 se'd
581 4784 694 4841 domino
710 4777 853 4839 mandanti
870 4787 935 4833 tan·
963 4783 1055 4852 enlm,
1082 4780 1112 4836 ln
1129 4785 1211 4838 servis
1228 4796 1261 4836 ac
1278 4773 1475 4850 liliisfatnilias,
1503 4777 1700 4860 concessionem
1717 4771 1770 4826 ad·

124 4869 181 4918 tum
198 4857 295 4920 obesse
309 4867 436 4930 poterat3
454 4871 549 4920 venem
565 4858 656 4925 potita
667 4849 937 4912 constrauerunt
965 4853 1167 4913 ministrationis
1184 4851 1256 4910 citc'a
1273 4847 1426 4921 peatliump
1447 4849 1475 4909 br
1493 4843 1579 4906 tibere
1593 4843 1775 4903 admenttlm
