4026 5352
1777 85 1792 116 Q
1807 99 1810 104 .

919 175 960 238 ib·
1007 221 1017 240 0
1073 175 1106 237 Ἰ.
1747 217 1752 228 ι

218 174 380 334 autggltem
397 264 523 344 portione
541 267 646 340 integra
663 262 700 322 ab
717 261 848 326 intestato
864 173 959 324 dritta
975 177 1030 328 lila-
1044 173 1184 324 ²iiranirida'
1201 261 1246 326 31.
1260 259 1298 344 ffl
1316 257 1540 344 &jurejarando
1556 265 1666 346 11:676.
1683 257 1776 346 quam.
1793 263 1878 333 aridi

220 365 261 404 res
281 343 346 402 fiat.
571 354 575 365 ¹
853 409 860 424 ι
1052 335 1138 412 faudo
1155 357 1221 398 novo
1237 359 1256 395 rr
1271 355 1349 411 parra
1363 361 1452 416 emto,
1464 342 1580 416 finiar
1597 341 1725 403 aleam
1741 348 1870 422 legitima.

255 413 300 474 56.
320 411 399 474 Licet
417 422 509 468 autern
526 412 556 465 in
574 407 701 484 legitimae
718 406 824 466 calculo
851 409 970 468 rneundo
985 409 1028 468 di·
1061 414 1157 495 Neque
1174 423 1284 482 movet,
1320 414 1372 471 uod
1391 412 1534 473 defunelus
1551 431 1642 474 emens
1661 413 1789 489 seudum,
1814 413 1872 487 iure

217 488 356 556 serimus,
382 477 555 562 spetiandam
573 500 636 563 esse·
646 485 803 552 patrimonii
827 487 1029 554 quantitatem,
1058 485 1273 556 primogenitius
1296 432 1421 555 deinceps
1448 481 1622 544 deferendum
1668 487 1756 545 videri
1782 499 1870 559 poscet

195 577 274 630 ·qu2
292 559 387 614 mortis
402 555 700 622 tempore¹invenrtur5
727 558 802 632 varia
828 566 920 610 tamen
947 567 1029 627 sunt,
1057 553 1234 612 donationem
1251 558 1331 624 pretii
1349 553 1407 610 lilio
1425 557 1604 630 primogenito
1633 561 1722 630 ecisse,
1741 556 1871 626 quorun·-

219 649 278 702 qua
296 630 369 700 prius
387 624 451 682 inde
468 620 625 708 deducenda
644 625 776 708 veniunt,
794 621 969 709 eouqubenda
982 624 1028 709 'lo-
1058 623 1190 710 danrento
1206 625 1334 716 dissentit
1350 625 1385 682 de
1402 623 1488 710 feudis
1511 629 1608 712 emptis
1633 642 1692 698 post
1720 625 1871 688 Hartman·

218 718 270 830 ιι
287 687 1029 834 ittitttttt‘nfttiiittidentitatis:
1060 695 1294 835 lenitati
1307 693 1643 826 dinitidat
1662 697 1870 827 {filiiflii-{3

219 789 349 912 ndqirius
366 838 430 895 inde
447 833 631 920 exsolvendo,
650 838 673 916 Ι.
693 836 851 905 “apirianur
868 841 893 892 ti.
911 829 937 909 β.
948 853 1028 922 quan
1057 841 1113 923 que
1128 808 1243 912 tingitui
1257 835 1309 894 hoc
1320 809 1648 923 'casrrdonriio'prerilq’
1660 842 1732 913 quod
1757 856 1814 896 non
1833 840 1870 898 ad

217 906 428 1051 &addid
443 905 736 1046 titillatio
753 905 1028 1036 litter-isitii
1059 905 1163 1048 titia
1180 907 1581 1049 itrttilititmtitita
1604 911 1887 1038 dimidia

217 1055 300 1110 misso
317 1051 458 1134 restituere
476 1059 584 1129 rogatus
601 1059 641 1104 ert
651 1067 662 1111 ,·
679 1018 775 1122 quip’pe
790 1065 855 1118 ,qua
871 1055 954 1107 etiam
971 1069 1028 1110 are-
1058 1061 1143 1104 tatem
1160 1049 1298 1119 quandam
1316 1051 1389 1108 inter
1417 1053 1494 1112 rivos
1510 1055 1538 1107 irs
1558 1041 1768 1122 primogenitum
1793 1068 1871 1110 erer-

219 1129 273 1184 rito
292 1127 351 1182 aris
369 1119 454 1179 nlrcnr
473 1135 530 1190 turc
547 1117 680 1176 censendi
698 1132 780 1191 sunt,
808 1137 895 1194 neque
912 1121 948 1178 ad
965 1139 1028 1196 gra·
1058 1135 1136 1190 cete,
1151 1121 1217 1176 dum
1235 1121 1371 1178 incertum
1387 1123 1513 1192 morsus,
1541 1139 1577 1176 an
1600 1139 1723 1191 unquam
1740 1121 1807 1195 ille,
1825 1121 1872 1192 qut

218 1197 278 1256 vari
296 1191 414 1251 heredes
430 1199 590 1260 transeunt,
619 1207 704 1255 neque
728 1194 864 1249 existente
892 1189 1028 1248 fideicom-
1057 1192 1185 1248 emtionis
1203 1205 1322 1260 tempore
1339 1192 1428 1260 primo
1445 1194 1535 1249 enitus
1558 1203 1619 1262 est,
1646 1195 1753 1262 parenti
1857 1219 1872 1234 ·

218 1269 292 1326 missi
309 1281 374 1321 casu
392 1265 420 1316 in
439 1260 517 1316 bonis
536 1257 667 1319 fiduciarii
684 1259 799 1329 amplius
807 1265 957 1333 computari
968 1281 1027 1333 pos-
1057 1263 1164 1318 stertit
1182 1257 1348 1332 futurus,&
1369 1257 1395 1318 fe
1434 1265 1610 1321 irucceasor.
1639 1262 1695 1322 Sed
1719 1265 1748 1323 dr
1773 1211 1871 1322 mc

122 1389 124 1394 ,
218 1349 301 1407 sunt,
318 1333 366 1392 sed
382 1333 501 1406 magica
520 1325 652 1387 fiduciarii
671 1345 758 1390 morte
785 1331 863 1389 bonis
891 1331 1027 1390 fideicom-
1058 1333 1324 1390 maximedarentur
1342 1334 1486 1406 universa,
1512 1349 1604 1394 tamen
1631 1351 1682 1392 nec
1699 1334 1760 1392 ideo
1776 1353 1872 1406 seque·

221 1408 338 1466 missorii
355 1401 659 1479 annumerandaaquip
699 1421 756 1470 qua
770 1401 1028 1472 fideicommissariis
1058 1413 1151 1474 retur,
1177 1401 1284 1460 donata
1302 1399 1350 1458 illa
1368 1399 1509 1462 colitiani
1530 1416 1588 1473 post
1607 1419 1723 1462 nrorrem
1750 1404 1872 1462 obnoxia

115 1499 119 1506 ·
219 1496 276 1535 non
295 1474 402 1534 aeliane
419 1485 528 1529 sannam
545 1473 680 1540 personat
697 1487 733 1529 ex
750 1483 915 1531 testamento
941 1493 1027 1545 perse·
1056 1491 1135 1546 esse,
1161 1487 1209 1532 aut
1228 1475 1384 1542 patrimonii
1402 1475 1604 1542 quantitatiad
1630 1473 1875 1548 legitimam'defi-

239 1553 286 1622 ui,
304 1549 349 1606 secl
367 1547 395 1604 δι
414 1549 452 1604 rei
470 1541 654 1600 vindicatione
671 1556 761 1612 petere
779 1557 877 1613 parerat
896 1548 1027 1614 utproin-
1059 1545 1191 1602 nienclam
1209 1547 1427 1616 annunreranda,
1441 1559 1471 1604 ut
1489 1543 1592 1615 patebit
1609 1559 1642 1602 ea
1661 1563 1723 1602 mox
1740 1547 1870 1612 dicendis

219 1569 254 1680 de
271 1636 328 1678 non
345 1614 402 1687 jure
418 1630 452 1672 er
478 1609 537 1682 his,
561 1629 618 1682 qua
645 1615 782 1672 testatoris
806 1621 835 1671 in
863 1617 1029 1684 patrimonio
1092 1614 1134 1670 Sti.
1167 1611 1197 1672 Si
1223 1625 1315 1672 terren
1348 1625 1455 1673 statuto
1488 1615 1531 1676 ael
1557 1617 1752 1675 connretudine
1785 1617 1869 1675 indu-

220 1709 277 1750 non
294 1701 376 1756 arnt,
393 1703 443 1742 nec
460 1683 495 1741 ad
512 1681 628 1740 heredes
646 1683 681 1739 ab
698 1687 826 1742 intestato
836 1690 1027 1744 transmittun-
1057 1679 1130 1741 dium
1157 1679 1239 1744 fucrit
1250 1726 1259 1758 ,
1287 1681 1361 1743 fcrrdi
1388 1689 1453 1744 novi
1480 1687 1548 1742 crati
1574 1692 1755 1760 primogenito
1780 1705 1872 1745 cessu-

220 1769 286 1834 tur',
302 1757 477 1818 deduceretur
497 1754 625 1826 legitima,
644 1759 733 1824 portio
750 1754 797 1812 iila
814 1755 913 1815 debita
931 1755 966 1812 ab
984 1764 1027 1813 in·
1058 1756 1081 1810 ri
1100 1760 1217 1822 pretium
1234 1775 1281 1824 per
1308 1755 1425 1814 curulem
1443 1761 1655 1829 primogenitum
1680 1754 1809 1816 fratribus
1825 1779 1872 1817 ce·

222 1843 324 1892 testato
341 1828 494 1898 portionis,
511 1830 529 1879 ι.
549 1824 600 1881 ult.
648 1839 700 1880 .a.
719 1819 790 1882 3.C.
818 1828 970 1884 commiseris
996 1826 1028 1882 de
1060 1830 1124 1882 teris
1150 1822 1346 1886 conserendum
1373 1845 1428 1883 esse
1454 1825 1519 1898 (de
1549 1845 1602 1900 quo
1627 1845 1676 1885 nos
1703 1827 1810 1900 pieniru
1836 1831 1875 1888 ad

117 1903 119 1908 '
219 1904 331 1978 legaris.
352 1899 444 1969 quue
461 1891 570 1966 facit,q
642 1913 691 1952 nec
709 1899 739 1952 in
758 1893 871 1958 falcidia
886 1899 1027 1970 quantita·
1058 1897 1099 1951 ric.
1118 1893 1151 1952 dc
1169 1893 1373 1964 collationibus)
1388 1896 1527 1957 dubitatio
1546 1897 1620 1954 nulla
1631 1917 1764 1970 superesse
1774 1911 1873 1972 potest,

173 2031 175 2036 .
218 1987 247 2032 te
262 1969 417 2032 delinienda
434 1966 605 2024 restituenda
621 1981 654 2021 ex
672 1963 868 2025 fideicommissi
891 1985 1028 2028 cantares
1057 1967 1124 2039 quin
1143 1969 1258 2038 pretium
1275 1965 1344 2024 illud
1361 1967 1564 2042 adaugendam
1581 1966 1706 2042 kgitima
1729 1975 1873 2040 quantita-

219 2043 445 2109 considerantur,
462 2049 492 2092 ut
510 2031 631 2096 damnat
650 2040 759 2106 propria
769 2081 778 2110 ,
796 2039 841 2097 sed
860 2041 947 2110 potius
964 2050 1027 2097 tan·
1059 2051 1114 2093 tem
1131 2041 1167 2096 tit
1186 2034 1373 2108 proditurum.
1392 2037 1508 2096 Constat
1526 2055 1640 2112 nauaque
1656 2057 1704 2110 ea,
1718 2059 1787 2114 ique
1805 2057 1873 2099 con·

219 2133 301 2188 quam
317 2127 400 2173 extra
418 2109 576 2177 patrimonii
593 2123 706 2164 massam
725 2112 831 2180 posita,
848 2115 876 2169 ιιι
895 2109 1028 2168 arisalie-
1060 2104 1168 2167 ferenda
1184 2121 1266 2178 runt,
1292 2109 1331 2165 sic
1350 2111 1515 2179 patrimonio
1531 2107 1654 2170 dannan
1670 2113 1815 2184 eoprrlari,
1841 2127 1878 2166 ac

109 2247 112 2252 ,
221 2190 252 2244 ιιι
271 2185 350 2254 loco,
369 2181 388 2237 ι.
406 2181 515 2235 irritum
532 2177 559 2232 ti.
577 2177 606 2232 C·
624 2183 665 2232 ad
679 2177 725 2253 ag.
756 2179 858 2236 Falcid.
880 2175 1028 2239 Berlichius
1058 2183 1080 2234 si
1098 2181 1157 2250 ipso
1173 2184 1267 2236 mortis
1285 2189 1404 2248 tempore
1430 2175 1545 2240 fuissent
1569 2181 1731 2239 naturaiiter
1759 2187 1787 2238 in
1816 2175 1873 2264 eiua

219 2273 288 2328 part.
306 2249 332 2309 5.
350 2250 461 2308 conclus.
493 2265 534 2304 ιι.
562 2267 636 2307 num.
666 2269 674 2306 r
733 2264 776 2307 ao
804 2249 970 2310 Schraderus
997 2251 1028 2308 da
1058 2251 1200 2323 dominio,
1225 2253 1254 2310 tr
1273 2252 1301 2305 in
1320 2266 1361 2308 res
1377 2248 1492 2308 collatas
1509 2249 1610 2320 aquale
1626 2253 1802 2312 successionis
1827 2251 1876 2322 Jr'rs

218 2324 309 2402 fandis
342 2341 394 2379 arr.
413 2333 438 2392 7.
456 2333 513 2389 cap.
532 2317 558 2376 5.
576 2339 649 2402 nam.
668 2262 712 2378 Si.
1059 2319 1150 2381 liberis
1165 2319 1295 2378 omnibus
1310 2339 1366 2380 esre
1384 2326 1532 2392 quesitunu
1549 2321 1646 2396 aurius
1660 2337 1875 2384 consentaneumv

257 2397 301 2469 57.
336 2392 402 2452 luod
418 2387 520 2462 spetiat
537 2408 580 2448 res
588 2407 646 2462 ture
663 2395 878 2478 primogenitura
894 2409 1028 2454 ratuma-
1058 2405 1118 2462 est,
1135 2405 1166 2450 ut
1185 2391 1209 2450 le
1226 2394 1308 2450 itinra
1327 2409 1384 2464 rure
1401 2407 1504 2462 partem
1521 2395 1658 2462 quandam
1675 2413 1708 2452 er
1725 2413 1760 2452 eo
1778 2392 1872 2452 ferant

223 2465 274 2541 jori
291 2485 342 2526 sor
360 2463 497 2533 cedentes,
514 2466 570 2520 sive
587 2461 726 2523 allodiales
741 2484 799 2524 srve
825 2463 961 2534 feudalem
979 2474 1029 2523 'nec
1060 2465 1147 2533 pretio
1218 2477 1279 2532 ato,
1297 2481 1330 2520 ex
1348 2480 1401 2532 quo
1418 2462 1525 2522 virilem
1542 2463 1670 2523 tulissent
1688 2463 1725 2521 ab
1743 2470 1877 2524 intestato

221 2556 266 2600 eas
283 2539 326 2612 arl
336 2533 556 2594 constituendam
584 2532 717 2593 ιιοιιοιιιιιι
743 2536 881 2594 cumulum
906 2538 1017 2596 conside
1078 2535 1230 2607 ortionem,
1253 2532 1345 2591 Petrus
1365 2532 1430 2592 liort
1449 2534 1480 2590 dr
1491 2532 1585 2608 frudi
1603 2533 1775 2593 liollandd.
1803 2552 1872 2605 part.

220 2609 320 2668 raedas
336 2624 409 2677 csse,
427 2623 477 2663 nec
494 2604 644 2680 legitimam
659 2606 724 2664 inde
740 2607 843 2680 deberi,
860 2611 1029 2666 communius
1059 2553 1086 2664 i.
1102 2609 1146 2663 rit.
1164 2601 1191 2661 5.
1210 2619 1266 2674 cap.
1285 2619 1310 2659 a.
1328 2607 1418 2679 regula
1436 2603 1461 2676 ζ.
1481 2623 1556 2662 num.
1576 2621 1617 2678 ²7·
1637 2609 1792 2678 prasertim,
1811 2623 1876 2664 curn

142 2713 144 2721 =
220 2693 356 2753 receptum
372 2689 432 2736 est.
460 2673 535 2736 Nam
552 2693 614 2734 curn
631 2677 722 2735 nullus
747 2691 840 2748 prater
867 2681 1029 2752 primogeni-
1059 2680 1088 2737 ιι
1103 2683 1203 2750 quavis
1220 2674 1273 2732 alia
1290 2673 1431 2733 collationi
1447 2675 1586 2748 obnoxia,
1613 2680 1641 2736 ar
1665 2679 1704 2732 ita
1722 2680 1796 2734 inter
1824 2695 1872 2734 co-

219 2749 338 2825 rumque
356 2747 515 2808 medendi
533 2748 562 2804 in
580 2765 613 2806 ea
640 2746 759 2819 habeat,
786 2752 815 2810 dt
841 2747 962 2824 legitima
990 2745 1030 2818 ius
1060 2745 1176 2806 heredes
1190 2745 1357 2818 dividenda,
1381 2750 1467 2804 etiam
1482 2748 1518 2805 ad
1545 2747 1668 2822 legitime
1695 2758 1875 2822 augurentum
1924 2759 1929 2766 ·

220 2821 380 2884 succedendi
397 2817 434 2874 ab
450 2824 581 2877 intestato
605 2831 755 2889 supponat,
783 2831 915 2890 tanquam
940 2822 1030 2890 portio
1061 2816 1221 2888 proficiant,
1241 2817 1331 2888 l’dpoa
1348 2816 1396 2875 libi
1413 2833 1454 2875 ao
1474 2820 1517 2875 tir.
1536 2833 1563 2890 7.
1583 2834 1677 2878 amn.
1699 2835 1739 2875 ιο.
1758 2815 1823 2875 Sive
1841 2823 1872 2887 ir,

221 2893 354 2964 portionis
370 2888 407 2946 ab
425 2890 554 2947 intestato
569 2887 685 2960 debita,
702 2889 849 2949 absurdum
867 2892 953 2948 videri
969 2909 1029 2962 pos-
1080 2893 1107 2946 ui
1126 2890 1250 2949 confuse
1278 2885 1359 2949 debet
1385 2885 1570 2950 hereditatem
1587 2889 1667 2948 adeat
1692 2893 1720 2949 δι
1749 2890 1788 2946 ιιι
1806 2906 1873 2948 con·

221 2979 280 3036 set,
306 2981 339 3022 ex
358 2959 436 3017 bonis
454 2959 509 3018 illis
527 2963 617 3034 augeri
634 2959 757 3034 legitime
784 2963 986 3034 quantitatem,
1013 2979 1030 3018 a
1060 2907 1149 3034 ieram,
1166 2963 1223 3018 sive
1241 2979 1296 3018 non
1315 2961 1412 3031 adeat,
1430 2965 1458 3020 dr
1478 2967 1515 3016 ita
1534 2979 1585 3018 trec
1601 2957 1734 3032 conferat,
1752 2965 1808 3018 sive
1824 2962 1873 3020 de-

221 3051 337 3109 quorum
353 3032 518 3088 srrccenione
536 3033 566 3086 in
584 3043 673 3088 totum
690 3043 807 3090 ternotus
823 3043 864 3090 est
882 3037 915 3105 is,
932 3034 966 3092 de
982 3051 1030 3090 cu·
1061 3033 1142 3104 nique
1160 3033 1212 3102 ipsi
1231 3034 1341 3088 remusa
1360 3031 1523 3088 neminatirn
1542 3027 1625 3091 fierit
1652 3046 1764 3104 paterno
1791 3043 1873 3090 testa-

224 3109 263 3178 jus
283 3105 402 3190 legitima
418 3103 530 3171 questio
546 3114 604 3158 est.
622 3099 661 3159 ιιι
679 3115 710 3160 ut
726 3105 761 3161 de
780 3097 864 3161 feudis
881 3103 962 3175 paulo
975 3101 1030 3172 ple-
1060 3117 1153 3160 neoto
1170 3099 1332 3162 conferendi
1349 3099 1489 3174 obligatio.
1509 3099 1583 3162 Nanr
1601 3106 1653 3161 etsi
1672 3103 1802 3175 repudiet,
1824 3103 1873 3162 do-

223 3182 286 3234 nior
303 3179 351 3232 irat
368 3173 513 3242 discrucio,
540 3168 614 3230 haud
639 3172 861 3247 distinguendum
886 3175 1030 3246 existimo,
1061 3188 1088 3229 te
1105 3173 1368 3246 aliisqueperceptis
1385 3185 1545 3247 contentus,
1572 3188 1620 3232 aut
1646 3177 1763 3232 etiamr
1791 3169 1873 3233 colle·

201 3260 319 3306 -utrum
337 3258 437 3303 novum
455 3239 537 3299 frrerit
555 3239 683 3315 fetidum,
700 3260 737 3299 an
754 3250 917 3317 antiquum,
944 3247 990 3317 dr,
1006 3247 1031 3302 si
1061 3245 1138 3303 tione
1155 3241 1224 3304 liber
1241 3247 1277 3302 sit
1294 3261 1329 3302 ex
1349 3250 1503 3304 remissione
1529 3257 1662 3316 paterna,
1696 3249 1725 3304 u
1748 3247 1788 3300 ita
1817 3259 1873 3300 non

223 3333 345 3390 norrun,
362 3327 452 3372 utrrrrn
469 3325 573 3371 emtum
600 3330 636 3371 an
653 3319 712 3370 sine
729 3315 810 3384 pretii
826 3321 983 3374 interventu
998 3333 1031 3372 er
1062 3315 1206 3376 videantur
1224 3313 1272 3374 illa
1290 3319 1455 3386 patrimonio
1473 3329 1586 3386 paterno
1608 3314 1812 3372 adnumeranda
1819 3333 1873 3392 ‘s-

222 3386 390 3448 liberalitate
406 3386 544 3454 quesitum
579 3379 704 3443 asunlio.
730 3380 864 3459 Quamvis
880 3391 953 3446 enim
971 3404 1031 3457 pre·
1061 3406 1110 3458 se,
1129 3387 1333 3460 tanquamque
1353 3386 1515 3444 naturaiiter
1532 3391 1720 3457 sparrimonio
1738 3388 1821 3455 patris
1830 3401 1873 3441 re-

223 3469 265 3519 tio
281 3458 370 3517 soluto
386 3457 551 3515 diminrrtum
569 3455 656 3512 videri
672 3461 754 3525 possit
772 3451 1030 3528 defnnarparrrmo-
1061 3472 1218 3530 censerant,
1243 3463 1411 3518 &cessante
1435 3457 1589 3514 collationis
1618 3457 1774 3513 necessitate
1800 3473 1873 3512 nun·

223 3535 319 3600 niam,
335 3530 397 3602 qnia
414 3541 506 3584 tnnen
523 3529 622 3584 monis
637 3538 758 3598 tempore
774 3523 918 3595 pearata
934 3539 974 3587 est
1004 3547 1031 3583 a·
1062 3545 1142 3598 quam
1160 3546 1222 3587 cum
1238 3549 1271 3588 eo
1289 3530 1389 3590 iterum
1406 3543 1469 3588 sum
1486 3527 1691 3597 consolidanda,
1710 3543 1769 3592 arg.
1788 3524 1805 3580 l.
1822 3526 1872 3582 uir.

221 3604 348 3662 trlnronii
365 3599 549 3671 quantitas,n
584 3617 617 3656 ue
634 3609 700 3654 tunc
718 3599 835 3666 pretium
852 3598 920 3671 illud
934 3603 963 3655 in
1056 3594 1094 3669 ff
1108 3595 1142 3655 ds
1157 3596 1225 3658 doris
1242 3600 1389 3672 collatione,
1406 3611 1506 3667 tamen,
1522 3615 1584 3658 cum
1602 3613 1680 3666 supra
1697 3591 1874 3655 diliumfue-

224 3679 268 3732 nis
284 3685 345 3744 est,
363 3688 448 3740 neque
466 3685 507 3727 res
526 3664 553 3726 fe
590 3667 642 3725 alis
660 3669 687 3723 in
707 3670 785 3737 pretii
804 3665 893 3728 locrun
915 3674 955 3726 ita
972 3688 1032 3727 suc·
1064 3671 1120 3742 rit,
1138 3687 1202 3742 eos,
1220 3673 1266 3744 qui
1282 3672 1348 3731 dote
1366 3673 1408 3730 vel
1427 3671 1551 3745 legitima
1569 3676 1640 3728 inter
1659 3669 1736 3724 vivos
1763 3677 1875 3736 accepta

221 3747 313 3818 cedit,
331 3756 362 3802 ut
380 3741 458 3822 pretii
479 3739 559 3809 ipsius
577 3751 703 3797 naturam
722 3738 846 3797 indueret
865 3758 897 3798 ac
913 3739 1031 3810 qualita-
1062 3741 1096 3800 de
1114 3755 1204 3800 cetero
1221 3745 1416 3801 renuntiarunt
1436 3741 1587 3802 hereditati
1605 3754 1733 3811 paterna,
1749 3740 1788 3795 sic
1806 3753 1874 3795 cun·
1982 3793 1988 3804 ,

222 3835 297 3886 rem,
314 3815 360 3872 sed
377 3829 425 3869 nro
443 3827 500 3882 rure
517 3811 644 3881 proprio,
671 3826 718 3880 per
743 3809 884 3868 doadnum
901 3807 1032 3870 doceam
1063 3812 1176 3871 siderari
1194 3830 1225 3869 ac
1243 3813 1266 3870 si
1280 3820 1482 3884 mccesrissent,
1499 3831 1531 3872 ac
1549 3825 1653 3882 partem
1671 3809 1758 3868 facere
1775 3814 1804 3865 in
1823 3814 1874 3864 mi

224 3892 311 3958 prima
328 3884 524 3940 constinrtione
539 3881 762 3951 circumscripto,
779 3883 921 3954 consistit,
948 3899 1034 3955 neque
1064 3883 1171 3941 nuenda
1190 3883 1355 3957 reliquorum
1373 3883 1513 3958 legitima;
1533 3881 1573 3942 i'ar
1590 3895 1651 3956 est,
1668 3893 1699 3940 ut
1716 3885 1744 3940 lit
1764 3898 1810 3950 per
1828 3897 1875 3937 eos
1935 3893 1939 3910 ¹

225 3971 300 4029 pater
318 3953 462 4023 inmeditrrr
479 3965 555 4010 suam
572 3949 753 4008 mbstantiam
762 3991 772 4021 ,
789 3952 855 4009 dum
873 3955 961 4026 vivit,
988 3955 1032 4012 di·
1063 3967 1187 4023 percepta
1204 3957 1380 4012 matrimonio
1389 3971 1502 4024 paterno
1521 3953 1740 4024 incomparanda
1751 3949 1872 4023 legitima

224 4032 364 4095 minuere,
394 4039 479 4098 eaque
494 4023 601 4078 ratione
616 4019 741 4092 efficere,
767 4031 798 4078 ut
822 4025 913 4082 minor
939 4027 1034 4082 nmrtis
1062 4029 1101 4080 sic
1117 4025 1353 4098 adnumerentur,
1378 4028 1455 4096 quasi
1473 4033 1575 4098 reipsa
1592 4025 1767 4083 ratiotionem
1794 4015 1873 4077 fecis-

225 4111 346 4169 rempore
362 4093 487 4168 legitima
503 4095 540 4150 sit
556 4095 715 4162 quantitas,
738 4094 886 4163 prasertim
918 4095 942 4153 si
960 4095 1033 4152 bona
1063 4097 1167 4156 sent&
1184 4091 1490 4170 summissam-,rapot
1508 4097 1534 4153 d.
1553 4095 1599 4154 lib.
1620 4111 1662 4154 ao.
1678 4098 1723 4156 tia.
1743 4107 1767 4162 7.
1778 4093 1874 4147 amsa.

196 4216 200 4222 .
226 4165 299 4256 fide,
325 4168 385 4223 rine
410 4162 621 4223 fraudandomrrr
646 4161 794 4222 liberorum
820 4172 975 4238 proposito,
1005 4167 1032 4226 id
1064 4180 1089 4237 7.
1109 4161 1154 4242 Ne
1170 4167 1280 4240 dicam,
1297 4167 1409 4226 malitiis
1425 4173 1453 4229 δι
1472 4166 1667 4227 collusionibus
1690 4165 1725 4222 ad
1744 4161 1876 4221 fraudan-

181 4291 185 4300 ,
226 4251 333 4312 egerrt3
350 4253 514 4306 consequens
530 4247 589 4307 ert,
606 4243 638 4293 ιιι
656 4253 740 4308 neque
756 4239 859 4309 pretii,
877 4237 947 4306 quod
965 4250 1033 4294 tenr-
1062 4235 1126 4294 dam
1144 4236 1269 4312 legitima
1287 4243 1469 4308 quantitatem
1486 4241 1560 4296 viam
1577 4252 1699 4308 apertum
1717 4238 1770 4308 iri,
1797 4240 1820 4292 si
1837 4231 1875 4292 ob

226 4327 291 4382 pore
308 4307 403 4364 nwrtir
429 4309 552 4376 nuspiam
580 4319 706 4375 apparet:
737 4323 825 4376 neque
851 4306 925 4366 leudi
952 4309 1033 4378 ipsius
1062 4307 1217 4367 collationis
1234 4312 1439 4383 remissionem,
1457 4326 1504 4369 aut
1523 4308 1689 4368 hereditatis
1706 4306 1875 4378 repudiatio·

227 4383 294 4440 emti
311 4377 349 4451 [a
366 4375 441 4446 cujus
458 4377 623 4434 mccessione
639 4378 738 4433 tenori
754 4393 818 4435 sunt
828 4421 837 4452 ,
852 4380 1033 4450 primogenito
1064 4395 1126 4436 nem
1142 4395 1264 4440 cmsante
1282 4381 1445 4441 neutraliter
1461 4377 1626 4451 collatione,
1643 4383 1734 4438 minus
1750 4378 1875 4436 credere·

227 4463 359 4522 excepto,
378 4442 496 4520 reliqui)
513 4448 584 4504 ratio
601 4448 631 4502 in
649 4445 754 4504 calculo
770 4447 903 4506 bonomm
920 4453 948 4509 δι
968 4448 1033 4524 legi·
1062 4461 1109 4507 tur
1125 4451 1155 4508 in
1174 4454 1339 4521 patrimonio
1354 4471 1429 4526 esse,
1446 4456 1474 4513 dr
1494 4460 1532 4510 ita
1549 4457 1639 4508 minus
1669 4452 1678 4508 l
1712 4452 1795 4507 itinra
1825 4463 1875 4503 no-
1912 4486 1918 4496 .

228 4525 301 4582 tima
318 4517 439 4577 ineundo
455 4513 608 4588 habeatur,
625 4513 790 4576 Schradcrus
805 4517 839 4576 da
853 4515 947 4593 faidis
962 4535 1032 4591 pair.
1063 4527 1137 4580 mine
1151 4522 1330 4582 deduceretur
1348 4521 1417 4583 fiatis
1436 4521 1666 4590 repudiationibus
1747 4518 1873 4578 conatio-
1975 4523 1979 4530 “

227 4609 256 4724 7.
275 4609 332 4728 a?
349 4591 375 4649 5.
394 4585 531 4717 ”ff'qifl'
549 4584 692 4720 &3³qu
700 4585 853 4716 &iiim
879 4605 1032 4650 controvers.
1064 4609 1129 4649 num
1145 4592 1346 4678 remissionibus
1364 4592 1443 4680 facile
1460 4591 1645 4682 fabricandis.
1830 4661 1837 4676 ⁶

227 4665 272 4795 ‚i
290 4706 319 4793 a:
334 4676 392 4805 aa:
409 4747 434 4788 .
447 4673 586 4804 ..ιιι
599 4672 658 4864 ,a
678 4655 753 4814 aa
766 4661 1031 4807 ,armant
1063 4660 1238 4823 marta
1254 4665 1752 4801 aestimationes
1761 4678 1875 4806 etat

225 4815 285 4884 gira
298 4821 370 4880 part.
391 4807 520 4877 repon.
539 4799 582 4860 ao.
613 4799 751 4866 oachim
767 4821 785 4861 a
801 4801 883 4870 Beusr
899 4804 941 4864 ad
954 4804 1032 4868 iad-
1062 4810 1162 4868 aerim
1175 4823 1230 4880 eras
1246 4826 1302 4870 erse
1318 4811 1484 4876 traditionis
1493 4853 1503 4890 ,
1519 4825 1550 4875 ur
1567 4816 1747 4886 prmogenita
1762 4811 1877 4876 cedant·
