4022 5352
174 1057 182 1068 -
260 1045 357 1100 sponsa
374 1027 465 1086 lurisc.
484 1025 560 1085 licii.
575 1041 645 1098 part.
662 1043 688 1084 a.
706 1031 795 1088 consil.
816 1031 873 1088 165.
1097 1021 1273 1083 Hollandirm
1301 1035 1408 1093 recepto
1425 1025 1454 1078 in
1471 1039 1533 1078 casu
1550 1019 1700 1080 deficientis

289 177 375 302 &m
488 177 493 185 ’
781 171 788 184 ’
918 227 1243 304 mmmm

258 327 393 404 stituendo
410 333 468 398 post
484 317 637 386 uun-unus
655 321 786 398 hoetmut
803 323 904 386 dic'ium
922 329 951 384 in
969 331 1012 390 tir.
1030 324 1061 384 dr
1092 323 1213 382 civilium
1229 321 1302 382 idem
1318 316 1504 380 offerentium:
1520 328 1552 378 ut
1568 311 1710 380 commodo
1728 311 1780 377 hoc
1797 325 1906 392 pensaa'

259 397 401 471 ostdruditr
417 419 493 456 rrum.
521 396 565 467 ad.
584 394 728 454 remenso
749 397 952 474 emphyteutam
969 401 1062 460 ider-
1093 408 1137 452 tur
1155 393 1370 465 incommodum,
1387 393 1458 463 quod
1475 391 1632 464 publicani,
1648 393 1694 460 qui
1711 389 1819 459 publico
1837 390 1896 452 fru-

258 468 424 528 tendendum
440 479 566 526 nonest·
585 468 682 536 qiiippe
691 471 736 538 qui
753 469 854 526 velsub
872 468 1062 544 legemeliora·
1093 477 1185 536 untur,
1201 461 1461 534 etiamquandoque
1482 463 1563 520 inriti
1580 465 1609 519 in
1625 459 1803 520 conduditone
1821 461 1896 518 ultra

257 541 343 595 tionis
360 555 416 596 rem
434 543 463 594 in
489 511 678 608 emphyteusin
697 542 811 612 accipit,
828 538 872 596 vel
894 541 989 600 saltem
1001 560 1062 600 eam
1092 537 1271 594 constimtum
1288 547 1392 604 tempos
1412 533 1581 605 retinentur,
1598 533 1615 586 l.
1634 548 1717 586 cotem
1740 549 1781 589 ιι.
1800 521 1826 606 d.
1845 531 1896 590 ult.

258 608 406 668 secundum
422 627 511 666 mores
525 606 670 665 hodiernos
686 611 845 669 deteriorem
855 629 920 670 vero
929 611 1064 685 redderet,
1091 604 1124 677 ff·
1142 605 1174 660 dr
1185 604 1360 732 3ριῶἢιιιιιὶι,
1378 601 1466 661 Andr.
1485 595 1568 688 Gsyl.
1596 599 1639 658 lib.
1659 615 1684 657 2.
1712 597 1808 676 oberro.
1836 597 1896 658 tili.

257 681 391 754 pretiique
407 683 536 748 minoris,
560 695 607 746 per
623 678 794 738 metallorum
820 685 848 740 dt
869 695 945 740 terre
973 681 1062 742 fluitis
1093 697 1166 733 rrum.
1204 673 1339 732 .Zoesius
1355 669 1397 728 ad
1411 670 1495 727 Pard.
1513 688 1555 728 ιιι.
1569 671 1649 728 locati
1665 669 1819 754 nrrm3tt5.
1864 688 1897 728 a·

249 749 439 820 'similiumque
454 747 639 808 edutiionem.
658 746 718 806 Nec
736 749 781 806 hic
799 753 839 808 ita
857 753 934 822 quasi
950 752 1029 821 emph
1050 783 1063 794 -
1093 745 1205 802 chineus
1221 763 1372 803 controvers.
1391 741 1435 801 lib.
1458 759 1480 797 ι.
1497 755 1553 812 cap.
1578 755 1634 800 too
1661 739 1782 800 Peresius
1799 740 1840 798 ar
1853 743 1898 798 tit.

257 823 341 878 teusis
359 825 388 875 in
406 831 547 876 numerata
564 821 696 890 pecunia,
721 835 754 878 ex
772 827 840 878 rutis
857 825 885 881 ἃ
902 827 973 880 cusis
992 771 1062 882 red·
1095 815 1123 871 C.
1141 813 1251 888 dejure
1268 812 1423 885 emphyteut.
1441 831 1514 870 num.
1525 825 1640 870 ceterum
1661 811 1703 880 14.
1721 808 1759 870 Et
1777 807 1831 869 hec
1848 815 1899 882 ita,

259 890 358 961 gendo,
376 890 455 946 conci
475 893 540 946 iaut
558 887 625 961 tingi
634 889 693 946 sine
710 888 768 962 lege
785 897 889 962 potest,'
899 900 940 952 uti
957 895 1064 964 quidem
1096 891 1147 942 nisi
1169 887 1336 942 contrarium
1363 885 1556 941 consuetudine
1581 885 1734 963 Intererata
1761 877 1899 939 firmatum
2004 925 2005 934 ,

259 963 335 1029 quasi
352 907 504 1015 multudine
529 959 760 1017 senatusconsulto
777 959 901 1020 intuitus
918 960 989 1034 fite,
1007 961 1064 1024 ite-
1094 956 1139 1012 sit.
1158 954 1245 1012 Andr·
1265 953 1349 1027 Gaii·
1367 951 1394 1009 d·
1413 973 1439 1010 a·
1457 947 1483 1008 3·
1502 955 1542 1010 uti
1565 951 1599 1008 de
1615 969 1649 1008 00
1666 965 1743 1078 ,urei
1754 955 1834 1075 gilgal
1852 967 1900 1081 ΡΞ

1738 1037 1753 1075 a
1783 1040 1834 1080 ta
1851 1037 1885 1078 a'

301 1113 341 1157 ιι.
359 1093 402 1154 Ex
418 1101 551 1168 opposito,
568 1113 651 1154 onera
668 1115 771 1168 quoque
787 1100 867 1174 emph
890 1113 991 1158 tentam
1009 1099 1064 1158 i'ru-
1114 1095 1210 1166 radus,
1237 1113 1292 1150 non
1311 1095 1389 1150 item¹
1403 1093 1493 1161 temp'o
1509 1094 1530 1149 is
1556 1090 1598 1148 ela
1617 1097 1639 1148 si
1685 1102 1800 1150 testatur
1820 1087 1901 1168 Hugo

261 1165 358 1226 dinarii
376 1165 497 1236 exemplo
523 1164 591 1224 serre
610 1169 720 1226 nomine
742 1174 781 1226 rei
807 1119 888 1241 emph
909 1177 1064 1241 teuticatis,
1094 1113 1209 1223 iirouu
1227 1160 1434 1221 uauududad
1455 1161 1587 1230 'urirprtcd
1598 1111 1725 1218 halland.
1742 1159 1785 1218 lib.
1796 1175 1822 1217 a.
1841 1178 1899 1234 cap.

258 1257 366 1296 necesse
383 1251 443 1304 ests
460 1238 577 1306 quemin
596 1234 677 1292 finem
696 1235 868 1297 hucteducen
890 1259 916 1312 a,
932 1261 988 1313 que
1007 1239 1064 1311 ple·
1095 1233 1138 1304 4ο.
1156 1253 1230 1290 nuru.
1249 1230 1292 1290 23.
1319 1246 1346 1292 et
1365 1232 1404 1289 ibi
1451 1245 1630 1304 roenesregen
1647 1237 1676 1289 ιἰι
1693 1247 1747 1288 nrt.
1774 1225 1838 1302 Quo
1856 1245 1900 1288 ta-

261 1311 323 1365 nius
339 1309 382 1363 rit.
401 1305 432 1361 de
449 1303 606 1378 urffluliu,
630 1317 759 1378 tanquam
777 1311 883 1380 propria
910 1314 990 1384 sede,
1008 1325 1064 1368 tra·
1095 1321 1155 1362 men
1174 1323 1236 1362 castr
1263 1321 1318 1359 non
1336 1302 1415 1361 aliter
1437 1304 1488 1360 isto
1505 1299 1598 1359 coatia
1624 1307 1767 1360 renovatio
1793 1301 1900 1361 videtur

249 1379 382 1436 duntur:
399 1377 452 1433 nisi
468 1377 581 1434 canonis
600 1373 806 1450 inditiionisque
828 1382 987 1456 magnitudo
1004 1399 1065 1438 suu-
1095 1373 1274 1442 admittenda,
1291 1375 1401 1442 quamsi
1420 1391 1461 1433 res
1478 1371 1679 1444 adhucintegra
1696 1373 1814 1442 sit,dum
1832 1373 1897 1431 necss

260 1449 332 1520 deat,
349 1463 417 1503 onus
433 1451 505 1504 inter
521 1443 759 1519 emphyteutam&
776 1450 918 1507 dominum
935 1449 1065 1508 ditedium
1095 1445 1159 1502 dum
1187 1445 1216 1499 in
1234 1443 1349 1500 alterum
1375 1448 1414 1500 tei
1438 1448 1512 1499 istius
1538 1439 1724 1514 emphyteusin
1752 1439 1902 1502 ettindiam

220 1542 224 1551 ι
261 1517 438 1576 dividendum
455 1533 529 1581 emes
545 1519 587 1572 uti
606 1529 666 1584 post
677 1517 727 1576 lul.
746 1517 858 1577 Clarum
875 1514 900 1593 d.
920 1518 1065 1592 emphyteu-
1095 1533 1169 1586 esse,
1194 1519 1336 1572 renovatio
1352 1525 1480 1582 petatur5
1503 1527 1535 1568 ac
1552 1511 1668 1580 denique
1685 1513 1809 1578 dominus
1830 1511 1902 1572 dire-

262 1588 299 1642 rit
316 1601 406 1659 quart.
423 1584 450 1653 4.
470 1583 542 1658 Hug·
561 1583 676 1642 Grotius
692 1590 849 1647 maudure
867 1589 909 1644 ad
921 1590 1063 1660 Iurirprtrd.
1097 1583 1154 1643 tius
1171 1599 1229 1641 tem
1249 1579 1322 1640 nolit
1339 1601 1386 1653 pro
1403 1603 1432 1640 se
1451 1587 1581 1654 retinete,
1599 1583 1646 1640 sed
1663 1579 1743 1638 alteri
1761 1597 1851 1640 rursus
1868 1583 1900 1640 in

262 1655 309 1713 lib.
338 1653 365 1712 5.
383 1669 439 1724 cap.
470 1654 511 1712 td.
528 1676 555 1712 ιι
587 1653 628 1722 ι4.
646 1655 680 1716 dt
704 1676 767 1730 seqq.
795 1659 833 1716 ali
882 1679 914 1716 ue
939 1659 1066 1718 observet
1096 1653 1283 1728 emphyteusin
1299 1653 1453 1712 concedere.
1471 1651 1541 1712 Vide
1553 1651 1603 1712 lul.
1620 1648 1732 1712 tticum
1749 1644 1776 1724 d.
1793 1650 1901 1723 emphy-

259 1728 367 1785 Ancon
385 1723 530 1783 Matthaeus
546 1722 572 1779 d.
590 1723 685 1795 disput.
702 1742 747 1784 22.
765 1749 792 1783 rt.
809 1725 837 1785 8.
904 1728 1066 1806 obligationi·
1096 1728 1177 1781 trusit
1213 1741 1284 1782 uaert.
1301 1719 1345 1792 45.
1364 1744 1391 1779 ιι.
1409 1719 1436 1780 5.

263 1795 321 1866 dur,
340 1792 479 1863 Responsa
496 1791 728 1855 lurtuiioiiend.
743 1811 813 1866 part.
832 1793 857 1854 5.
868 1800 916 1857 orl.
931 1817 957 1860 a.
976 1800 1072 1866 concil,
1136 1792 1176 1850 15.
1194 1745 1274 1866 §uod
1292 1799 1324 1868 si,
1334 1789 1411 1848 finita
1428 1791 1595 1862 emphyteusi
1605 1787 1756 1864 temporali,
1773 1789 1903 1850 dominus

262 1861 326 1923 531.
344 1857 486 1937 (revera)
503 1860 563 1922 251.
574 1877 633 1937 pag.
650 1863 713 1922 662.
1097 1861 1213 1929 diretius
1239 1867 1305 1918 anni
1329 1865 1465 1934 sequentis
1479 1879 1612 1919 canonem
1639 1863 1795 1933 occeperit,
1817 1879 1850 1922 ex
1867 1879 1903 1918 eo

301 1929 341 1992 ι5.
360 1927 453 1991 Posito
470 1945 570 2003 autem,
584 1937 659 2006 quod
675 1955 718 1995 res
734 1936 922 1998 ecclesiastica
940 1936 1067 1996 oneribus
1098 1933 1165 2003 solo,
1182 1939 1256 2003 quasi
1274 1937 1357 1988 tacito
1374 1949 1514 2004 consensu,
1532 1937 1643 2000 repetita
1659 1937 1762 1990 censeri
1778 1949 1835 1989 non
1852 1930 1906 2006 des,

262 2002 406 2077 fiscalibus,
422 2005 533 2062 domino
549 2004 692 2072 temporali
710 2003 760 2132 zur
779 2005 941 2079 loquuntur)
958 2007 1067 2066 solven-
1098 2001 1143 2060 bet
1160 2007 1191 2059 in
1216 2001 1299 2061 dubio
1315 1999 1513 2074 emphyteutico·
1537 2003 1592 2059 etsi
1606 2004 1634 2056 in
1653 1999 1788 2060 locatione
1814 2001 1843 2060 ici
1860 2006 1903 2058 its

259 2077 312 2146 dis,
327 2087 438 2132 exemto
455 2073 620 2143 suntetiam
638 2077 714 2132 oneri
734 2095 764 2134 us
782 2075 854 2135 hisce
872 2089 1007 2137 exemtum
1024 2075 1065 2134 fo-
1096 2072 1220 2130 obtinere
1238 2083 1343 2128 constet
1359 2087 1394 2128 est
1418 2072 1436 2127 l.
1453 2074 1469 2127 i.
1476 2093 1519 2129 rm
1537 2077 1660 2142 quaritur
1690 2067 1731 2129 ι5.
1754 2067 1782 2150 §¹
1801 2066 1905 2198 ult&

262 2163 292 2202 re
307 2144 509 2217 emphyteutam
527 2145 636 2200 nomine
645 2142 724 2204 fundi
740 2145 892 2205 abecclesla
911 2151 939 2202 in
957 2145 1067 2222 emphy-
1097 2141 1186 2212 locati,
1202 2153 1230 2198 et
1248 2138 1394 2198 Menochio
1411 2140 1442 2196 de
1457 2157 1588 2212 presumi.
1612 2140 1656 2200 lib.
1675 2137 1702 2199 5.
1718 2156 1839 2210 prterunt.
1894 2180 1902 2196 .

260 2216 353 2272 teusin
371 2217 503 2285 concessi,
521 2209 644 2270 defendit
669 2231 732 2274 cum
749 2215 809 2273 aliis
835 2213 989 2275 Fachineus
1007 2237 1066 2272 con·
1098 2211 1194 2284 Neque
1211 2216 1309 2269 enims
1328 2209 1463 2268 locatione
1472 2214 1506 2271 ad
1525 2210 1712 2284 emphyteusin
1723 2211 1777 2278 hac=
1794 2217 1821 2268 ln
1838 2225 1901 2282 par·

263 2295 371 2340 trevere.
400 2281 445 2339 lib.
469 2301 491 2340 ι.
509 2295 566 2352 cap.
593 2297 639 2356 91.
666 2283 867 2346 &haesitanter
892 2285 1068 2346 Christinaeus
1097 2297 1125 2342 te
1143 2301 1173 2340 ar
1192 2294 1333 2338 umentum
1348 2282 1410 2338 duci
1429 2293 1535 2350 potest3
1558 2299 1620 2340 cum
1639 2285 1667 2340 in
1686 2283 1820 2342 locutione
1837 2293 1902 2337 tao-

264 2351 315 2409 url.
333 2347 360 2407 5.
379 2349 456 2407 decis.
478 2367 537 2408 rao.
555 2373 581 2408 ιι.
599 2353 626 2410 6.
644 2358 852 2423 eapotissimum
869 2359 938 2414 moti
954 2361 1068 2428 rarione,
1099 2365 1157 2408 tum
1224 2353 1351 2422 temporis
1366 2349 1497 2409 brevioris
1514 2369 1581 2423 usu,
1600 2354 1717 2424 adeoque
1734 2355 1833 2408 minori
1850 2351 1900 2409 do-

265 2422 338 2490 quod
352 2421 505 2501 ubicunque
522 2418 558 2477 ali
578 2425 620 2480 uis
636 2441 693 2478 rem
710 2427 825 2494 possidet
843 2429 885 2482 sui
904 2441 1000 2485 natura
1015 2431 1068 2482 im·
1099 2428 1165 2479 mim
1183 2417 1337 2491 prejudicio
1354 2433 1468 2493 agatur,
1484 2419 1662 2484 conduiiione
1679 2435 1785 2480 tantum
1803 2427 1831 2478 ιιι
1851 2438 1903 2478 an·

265 2507 375 2548 munem
384 2490 418 2546 ab
437 2490 502 2559 huJu
581 2492 709 2549 itributis
724 2497 997 2568 &pensitationibus
1015 2501 1069 2566 ipse
1100 2509 1165 2550 num
1182 2497 1211 2549 in
1230 2493 1334 2549 rustids
1351 2491 1454 2560 prediis
1463 2509 1495 2547 ex
1513 2492 1599 2548 tacito
1615 2510 1746 2550 consensu
1756 2491 1904 2550 continua·

262 2577 368 2636 quoque
383 2561 490 2619 easdem
507 2562 610 2638 splvere
627 2565 730 2622 nonsit
748 2565 966 2635 compellendus3
984 2567 1068 2638 quod-
1095 2573 1138 2636 ta,
1156 2559 1182 2618 d.
1202 2560 1220 2617 i.
1237 2560 1419 2631 emphyteusis
1443 2575 1540 2619 contra
1559 2579 1614 2620 non
1641 2567 1691 2619 nisi
1709 2563 1744 2620 ad
1762 2563 1904 2618 minimum

263 2649 317 2704 que
333 2633 363 2686 in
381 2629 496 2703 casibus,
513 2631 739 2701 qulbusdominus
756 2632 872 2693 dirodius
889 2637 924 2697 ab
941 2634 1069 2694 oneribus
1100 2637 1128 2690 in
1146 2631 1258 2704 longum
1269 2637 1370 2699 tempus
1386 2627 1495 2688 deberet
1506 2631 1591 2690 videti
1609 2637 1730 2702 repetita.
1739 2627 1803 2757 3⁰⁰
1820 2625 1904 2698 majus

264 2698 417 2768 hujusmodi
435 2699 550 2770 publicis
567 2703 695 2760 immunis
708 2717 759 2776 est,
776 2703 950 2777 emphyteuta
967 2723 1070 2778 quoque
1099 2719 1163 2775 ergo
1186 2713 1300 2780 apparet
1318 2704 1421 2761 domini
1448 2699 1645 2774 prejudicium,
1670 2719 1703 2760 eo
1719 2701 1749 2758 di
1763 2700 1856 2758 ticilius
1872 2703 1902 2757 in

264 2770 301 2827 ab
315 2789 350 2829 eo
366 2787 473 2828 cauum
491 2770 593 2830 habens
601 2777 772 2831 immunitate
789 2775 881 2832 eadem
891 2774 986 2834 debeat
1003 2793 1069 2850 gau·
1101 2773 1167 2830 illud
1185 2777 1269 2828 tacita
1291 2771 1433 2830 voluntate
1449 2777 1609 2831 consensisse
1635 2772 1831 2844 presumendus
1853 2783 1903 2826 est.

220 2886 223 2892 1
262 2844 408 2968 deceat&
426 2841 568 2967 LTprt'ratae
586 2846 685 2899 crito.
704 2845 731 2920 ς.
750 2844 959 2904 desecaretur.
980 2865 1069 2902 murtr-
1101 2842 1257 2903 Treutlents
1285 2841 1335 2900 orl.
1369 2858 1391 2897 ι.
1419 2839 1459 2898 dir
1493 2859 1513 2898 c.
1537 2853 1580 2912 29.
1607 2844 1645 2900 tb.
1672 2857 1716 2899 ao.
1734 2843 1774 2898 lic.
1801 2842 1832 2896 Β.
1851 2837 1903 2896 ibi·

264 2912 380 3036 ιιιιιι.6Α
401 2911 436 2969 de
477 2909 605 2971 ιιιάιιιιιιιι
622 2911 667 2970 ad
685 2916 728 2972 tir.
747 2915 775 2971 C.
793 2912 826 2970 dr
842 2915 1002 2989 emphyteusi
1018 2935 1069 2975 rru-
1100 2933 1150 2988 qur
1166 2909 1318 3040 {schottus
1339 2913 1373 2968 ‘in
1390 2925 1442 2968 nrt.
1471 2910 1613 2976 ³achineus
1638 2929 1790 2972 controvers.
1809 2905 1855 2970 lib,
1878 2927 1902 2966 ι.

267 3003 333 3037 mfi'·
370 3022 377 3035 =
1077 3001 1079 3004 ¹
1114 3007 1156 3040 a.
1211 3024 1218 3038 ι
1253 3005 1259 3022 ”
1389 3009 1391 3016 ’

297 3049 345 3131 ,ι4.
361 3046 540 3124 littinguitur
565 3052 747 3126 emphyteusis
764 3055 849 3113 variis
866 3055 969 3131 modis,
987 3070 1070 3129 puta,
1100 3007 1114 3042 c
1131 3001 1179 3112 dd.
1194 3013 1315 3110 interitu
1338 3053 1452 3125 ‘insuper
1467 3059 1508 3116 rei
1525 3060 1593 3125 perit
1611 3057 1810 3130 emphyteusis,
1826 3063 1853 3113 et
1870 3067 1904 3110 eo

267 3121 342 3190 lapso
360 3132 489 3189 tenpore,
507 3119 542 3176 ad
560 3123 629 3190 quod
647 3141 773 3182 concessa
790 3139 852 3194 este
870 3125 912 3186 vel
929 3127 1070 3189 deficiente
1101 3124 1208 3194 quidem
1225 3122 1314 3194 totali,
1329 3140 1388 3181 vnon
1416 3143 1480 3183 vero
1497 3125 1625 3194 partiali:
1646 3131 1719 3187 odeo
1744 3141 1775 3185 ut
1793 3143 1827 3184 ne
1844 3139 1904 3194 pars

267 3187 373 3245 familia
390 3201 438 3248 aut
454 3190 550 3262 gradu,
566 3196 610 3248 cui
627 3193 656 3250 dt
672 3190 747 3262 cujus
758 3195 988 3266 contemplatione
1005 3215 1071 3252 con·
1101 3195 1207 3262 quidem
1224 3199 1338 3250 canonis
1362 3195 1540 3253 diminuenda
1558 3204 1669 3269 veniat,
1693 3198 1799 3254 etiamsi
1826 3189 1904 3253 fiendi

266 3260 363 3316 stituta
390 3254 496 3316 fuerat:
521 3261 591 3318 adeo
607 3274 639 3317 ut
665 3279 714 3319 nec
741 3277 800 3333 post
829 3263 938 3322 finitum
969 3279 1072 3333 tempus
1102 3281 1161 3332 pars
1178 3259 1264 3330 maior
1292 3267 1418 3332 petierit:
1435 3283 1497 3321 cum
1519 3279 1603 3323 '‘tanta
1621 3273 1772 3341 requiratur
1799 3261 1903 3332 clades,

266 3327 443 3412 emphyteuta
462 3333 526 3412 ipse,
543 3349 593 3388 noc
610 3331 786 3401 proximiores
808 3333 898 3392 ultimi
916 3341 1072 3407 possessoris
1101 3353 1156 3405 que
1171 3347 1272 3404 prosus
1289 3335 1368 3402 ipsiu
1385 3338 1437 3405 rri,
1451 3355 1506 3408 que
1522 3351 1565 3406 prr
1574 3339 1753 3410 emphyteusin
1769 3335 1839 3391 data
1857 3347 1906 3402 err,

266 3405 372 3472 agnati,
390 3415 435 3469 qut
453 3417 482 3453 vt
501 3401 592 3469 prime
610 3403 792 3460 concessionis
819 3404 891 3462 haud
909 3405 1071 3463 admittendi
1113 3405 1187 3462 aciat
1205 3403 1353 3476 interitum,
1370 3417 1401 3461 ut
1418 3410 1458 3462 ait
1477 3403 1517 3462 lm
1535 3447 1543 3461 .
1562 3407 1591 3460 in
1610 3405 1636 3462 d.
1655 3409 1674 3462 l.
1695 3424 1719 3462 r.
1739 3405 1767 3460 C.
1785 3402 1816 3458 dr
1852 3401 1907 3458 'ure

264 3483 355 3544 erant,
361 3486 455 3542 cogere
471 3469 613 3527 dominum
622 3471 740 3530 invitum
758 3476 869 3548 possint,
879 3487 908 3534 ut
926 3475 950 3530 is
959 3475 1071 3548 emphy-
1102 3473 1256 3546 reputem.
1273 3467 1379 3548 §.adm
1397 3493 1488 3531 autern
1525 3473 1648 3546 ,ιἰιβιιι,
1667 3475 1758 3530 Inrtr'r.
1775 3472 1808 3526 dr
1836 3482 1905 3526 orat.
1973 3503 1975 3506 -

249 3545 354 3619 -tcusin
372 3553 509 3611 asenam,
532 3543 613 3600 &ad
639 3561 668 3600 se
682 3559 831 3618 reversam,
855 3563 945 3601 rursus
970 3546 1003 3602 iis
1022 3545 1071 3604 sub
1102 3543 1219 3602 concludi.
1237 3542 1306 3600 Aut.
1335 3542 1423 3604 Faber
1439 3545 1467 3602 C.
1485 3543 1529 3603 lib.
1548 3541 1575 3612 4.
1594 3549 1635 3601 tir.
1654 3541 1698 3614 45.
1725 3543 1850 3602 Ceresius
1868 3540 1912 3594 ad

263 3611 384 3679 ejusdem
409 3618 521 3667 canonis
539 3612 597 3684 lege
612 3613 762 3685 concedat,
788 3616 817 3674 oc
834 3613 896 3670 aliis
913 3615 983 3671 idem
1001 3611 1072 3675 sorte
1103 3617 1119 3672 l.
1138 3616 1166 3672 C.
1185 3615 1216 3670 de
1233 3609 1905 3688 emphyteusin.15.Carproviusdps.frr.part.

263 3679 437 3738 offerentibus
453 3693 610 3749 anteponat.
629 3681 706 3740 Licet
719 3685 793 3740 enim
810 3681 949 3742 nonnuliis
966 3684 1071 3757 placue-
1103 3701 1127 3741 2.
1146 3702 1225 3742 coust.
1242 3680 1286 3741 53.
1305 3683 1384 3756 duis.
1405 3695 1447 3756 19.
1465 3683 1496 3744 Si
1513 3699 1604 3743 tarnen
1622 3703 1712 3742 canon
1739 3679 1909 3756 persingulas

268 3757 315 3821 rit,
333 3754 404 3808 inter
421 3751 612 3808 descendentes
629 3752 719 3809 ultttm
745 3756 899 3823 possessoris
916 3757 944 3813 δι
961 3753 1072 3813 collate-
1104 3751 1194 3828 hagero
1220 3755 1384 3812 constitutus
1401 3759 1455 3826 sit,
1481 3757 1564 3814 etiam
1581 3773 1629 3825 pro
1657 3755 1775 3828 iugerum
1792 3768 1825 3809 es
1841 3767 1909 3824 agro

265 3821 336 3878 rales
354 3822 528 3892 distinguere,
545 3823 572 3878 dt
591 3820 645 3877 illis
660 3823 818 3894 quidemst
837 3842 892 3881 non
910 3824 952 3879 his
968 3824 1071 3886 tribue·
1102 3823 1182 3894 emph
1205 3830 1304 3882 teutico
1321 3829 1486 3892 pereuntium
1504 3842 1618 3885 numero
1626 3843 1674 3883 seu
1689 3829 1844 3898 quantitate
1859 3837 1908 3877 ca·

266 3908 296 3946 re
313 3889 396 3946 talem
414 3907 465 3960 pra
483 3889 545 3948 aliis
581 3889 757 3962 relationem,
774 3907 806 3950 ut
825 3895 912 3952 videri
936 3905 1024 3962 potest
1042 3913 1071 3952 a·
1103 3913 1159 3951 non
1177 3843 1366 3954 diminuendos
1390 3907 1477 3961 esset;
1501 3895 1622 3966 eoquod
1649 3908 1715 3955 tunc
1739 3905 1781 3951 tot
1799 3893 1909 3950 msera

245 3985 255 4027 q
268 3960 322 4028 pud
339 3959 389 4018 Jul·
414 3959 527 4018 Clarum
551 3909 768 4043 dempturum
794 3980 881 4035 quest.
900 3959 946 4031 45.
965 3967 1011 4022 vix
1029 3977 1073 4022 ta·
1103 3964 1229 4022 videntur
1246 3982 1303 4030 esse
1325 3962 1532 4037 emphyteuses,
1548 3979 1614 4038 quot
1631 3961 1762 4040 jugeribus
1779 3962 1909 4033 predium

254 4039 407 4110 menest,
434 4043 464 4087 ut
480 4049 514 4089 ex
531 4037 618 4088 nostri
635 4036 698 4103 puis
724 4037 830 4092 ratione
846 4036 939 4105 opinio
957 4038 1007 4090 ista
1024 4034 1071 4092 de-
1102 4032 1371 4104 emphyteuticatium
1389 4040 1417 4090 in
1432 4040 1518 4102 prima
1534 4033 1910 4108 emphyteusiosconcessiooe

164 4162 168 4174 Ι
266 4093 344 4155 sends
359 4111 460 4172 queatt
480 4117 547 4157 cum
565 4106 657 4170 utique
684 4099 724 4159 fas
740 4102 820 4164 simul
845 4117 872 4162 et
899 4107 1073 4175 acquissimttm
1101 4104 1219 4162 divisum
1235 4117 1277 4162 est
1295 4121 1324 4160 at
1343 4145 1349 4157 .
1368 4097 1594 4176 §quotirrplurer
1608 4104 1649 4163 td.
1668 4100 1801 4162 Istriadt
1818 4100 1909 4164 inurit.
1995 4167 1999 4176 .

269 4167 403 4250 videatur,
421 4183 450 4229 ut
467 4175 645 4244 unusquisque
661 4189 710 4229 suo
727 4172 861 4233 arbitratu
879 4187 908 4231 et
926 4174 960 4232 de
975 4193 1006 4232 re
1024 4193 1073 4232 sua
1103 4173 1220 4243 simulat.
1239 4145 1290 4232 tui.
1318 4121 1416 4232 filetus
1433 4166 1460 4240 t.
1486 4177 1659 4245 emphyteusis
1676 4189 1765 4248 quart.
1791 4167 1818 4229 8.
1836 4191 1866 4228 ιι.
1881 4167 1909 4236 8.

267 4237 349 4308 pleno
367 4257 424 4308 tute
440 4243 475 4300 ad
491 4259 519 4298 se
536 4261 641 4301 reversa
658 4243 793 4317 disponat,
802 4257 830 4304 et
847 4244 988 4302 voluntate
1004 4243 1072 4303 iibe-
1105 4241 1185 4318 Hugo
1203 4241 1316 4302 Grotius
1333 4237 1489 4302 manuduct.
1508 4245 1550 4300 ad
1558 4243 1708 4320 jurisprud.
1727 4243 1798 4300 Hrll.
1817 4240 1862 4300 lib.
1882 4255 1910 4305 a.

269 4324 301 4366 ra
318 4318 416 4379 querat
435 4310 478 4369 vel
495 4311 599 4384 probet,
616 4319 657 4370 uti
674 4321 803 4372 emtotem
822 4332 855 4372 ac
872 4313 1072 4386 mndudiorem,
1102 4329 1159 4384 cap.
1178 4311 1222 4382 4ο.
1240 4335 1269 4371 ιι.
1287 4309 1329 4370 5ι.
1347 4329 1375 4372 et
1393 4311 1436 4370 δι.
1452 4311 1579 4386 idemque
1587 4317 1769 4385 statuendum,
1786 4315 1810 4372 si
1827 4331 1845 4370 a
1862 4327 1911 4380 ιιι-

267 4383 308 4438 ita
325 4391 353 4438 et
369 4377 652 4452 emphyteutam3neo
669 4385 708 4440 rei
727 4403 778 4444 stra
795 4386 902 4443 desinat
920 4384 1023 4443 arbiter
1039 4403 1073 4441 ac
1103 4397 1152 4454 ret,
1162 4384 1190 4440 in
1204 4385 1407 4443 determinanda
1416 4391 1691 4458 canonisquaotitate
1708 4384 1829 4441 habitam
1874 4386 1911 4439 is-

269 4450 424 4510 moderuor
448 4469 524 4524 esse,
540 4453 606 4510 dum
626 4455 661 4512 de
690 4471 719 4511 re
735 4473 782 4513 sta
807 4465 945 4530 cogueutr
970 4453 1006 4511 al'
1027 4455 1072 4514 uid
1101 4474 1129 4514 se
1148 4451 1282 4513 studitum
1300 4457 1446 4512 rationem.
1470 4452 1532 4512 Etsi
1548 4453 1810 4528 enittemphyteusis
1826 4455 1911 4526 origi-

270 4519 358 4579 facete
375 4525 494 4593 tostus,
510 4539 543 4578 ar
561 4564 567 4578 .
585 4525 602 4579 l.
618 4539 675 4592 prr.
691 4524 772 4584 ,ἐζ-ὼ
789 4525 905 4582 contrad.
924 4475 1025 4582 enred
1042 4528 1073 4582 ιιι
1103 4542 1165 4584 nem
1183 4528 1297 4583 erasure
1315 4527 1439 4588 videatur
1455 4523 1491 4582 ab
1509 4526 1617 4584 incutis
1641 4538 1671 4583 et
1686 4523 1821 4584 sterilibus
1873 4530 1914 4588 riu

270 4613 299 4648 rr
317 4590 510 4650 mandatust.
549 4593 701 4650 .maudrti
728 4597 746 4652 l.
765 4615 798 4651 ιιι
815 4600 860 4653 cui
880 4597 962 4652 liceat
979 4593 1022 4652 52.
1041 4597 1071 4652 C.
1102 4603 1147 4667 qui
1172 4593 1301 4653 colonum
1328 4611 1384 4651 non
1418 4599 1579 4665 reperientes
1605 4595 1753 4653 mercedem
1780 4592 1860 4662 frudi
1881 4605 1913 4658 'ue

268 4661 302 4718 dr
319 4662 411 4746 locato.
430 4659 490 4721 Nec
515 4663 673 4721 adversatur
690 4635 709 4720 4
726 4670 840 4746 congruit
862 4667 967 4736 pern-C.
985 4665 1017 4722 dr
1035 4666 1072 4722 lo·
1102 4669 1214 4736 speratis
1230 4663 1590 4739 congnumofferentem,in
1608 4663 1792 4738 longissimum
1808 4680 1915 4739 tempus

267 4751 371 4789 corrone
385 4732 500 4802 predio.
517 4735 647 4804 civilium,
665 4751 725 4790 cum
744 4753 784 4806 qus
799 4735 934 4810 singulare
950 4751 1071 4806 compre·
1101 4751 1150 4794 aut
1168 4737 1198 4793 in
1216 4748 1380 4808 perpetuum,
1400 4737 1511 4795 modice
1529 4747 1637 4793 tantum
1654 4737 1790 4806 pensionis
1807 4753 1915 4810 annun,

267 4801 370 4862 hender
386 4803 576 4871 inutilitatem
594 4819 713 4866 veterum
722 4821 899 4877 possessorum
908 4805 1068 4878 products
1087 4807 1138 4866 ad
1153 4807 1366 4865 consermdam
1384 4809 1439 4866 reri
1456 4807 1563 4866 domini
1590 4805 1750 4890 memoriam
1766 4803 1914 4886 solteude,
