4026 5360
376 282 382 292 x
595 206 647 275 De
670 205 844 293 iudiciis,
871 203 902 274 tt
927 209 982 272 ubi
1007 211 1142 294 quisque
1166 207 1225 277 iic.
1676 221 1715 276 tt

104 307 139 364 ri
157 299 291 374 adoption.
315 315 483 372 eonuquenr
499 297 571 374 fuit,
595 311 628 359 ut
644 301 750 358 enisis
767 301 826 358 istis
844 318 923 371 pecu·
952 303 990 358 rie
1006 317 1034 378 9.
1054 301 1118 361 iulii
1140 299 1217 374 1750.
1227 315 1282 359 art.
1301 295 1347 358 61.
1357 315 1409 374 qua
1427 313 1548 376 cautum,
1566 300 1669 358 minori
1686 319 1767 358 accu-

106 375 207 440 liorum
225 370 448 436 distinbiionibus
458 370 546 446 liberi,
555 377 695 444 siperstlte
712 377 845 444 patretsi
862 379 922 442 qui·
952 387 1012 430 sato
1029 383 1183 432 curatorem
1191 373 1314 434 assistere
1332 390 1416 444 posse,
1434 393 1465 431 ac
1477 371 1648 434 defensiones
1666 391 1715 445 pro
1731 379 1770 432 eti

106 449 169 510 dem
185 448 365 505 minoreones
382 446 460 518 sint,
477 445 700 518 minorennium,
726 447 770 502 sin
789 441 923 518 majoren-
953 462 1120 516 proponeret
1138 463 1221 518 usque
1237 448 1314 516 adeo,
1323 459 1364 515 ur,
1383 446 1406 502 si
1424 461 1550 504 curatore
1567 459 1668 518 careat,
1686 442 1767 516 juder

105 537 165 590 nes,
181 516 384 588 maiorennium
401 530 515 574 utantur
533 513 591 588 jure
608 517 638 573 in
656 517 813 589 qrtutione,
830 530 866 573 aa
884 515 923 574 le-
952 517 978 576 ei
996 515 1091 576 debeat
1118 531 1273 577 curatorem
1290 512 1454 588 adiungere,
1476 521 1522 592 qui
1542 535 1590 587 pro
1608 518 1666 588 ipso
1684 514 1768 574 verba

104 593 231 666 gitirnam
249 589 371 648 habeant
389 594 418 646 ln
437 585 538 660 judicio
553 587 646 646 standi
664 605 816 657 personam.
954 583 1035 645 faciat
1053 605 1086 644 ac
1110 589 1278 658 intercedam
1305 532 1384 659 idque
1402 591 1597 647 convenienter
1627 585 1690 660 juris
1708 585 1768 650 Ro-

1 655 2 666 ¹
51 709 55 714 .
147 680 190 720 ιι.
209 662 334 722 Minores
351 667 423 731 ipsos
440 660 512 734 quod
530 661 692 731 attiner,uti
711 659 771 728 inre
784 657 923 726 Romano,
953 661 1028 716 mani
1045 661 1235 733 dispositioni,
1258 660 1407 718 secundum
1424 677 1505 730 quam
1521 661 1636 716 omnino
1654 657 1767 729 pulsatis

1 768 2 776 ι
107 735 150 791 'aa
166 737 194 795 ir
214 751 287 792 nunc
305 750 350 790 eos
367 737 501 790 curatoris
510 728 673 790 aubioritare
689 729 836 788 metatos
853 747 870 786 a
888 727 922 786 li·
953 731 983 789 in
1000 730 1138 788 criminali
1154 749 1236 790 causa
1253 729 1406 788 minoribus
1430 733 1523 791 adesse
1541 726 1669 802 jubentur
1686 746 1767 788 cura-

107 806 186 864 mine
204 801 298 874 judicii
315 801 428 878 repelli,
446 802 584 870 obtinuit5
601 804 640 861 sic
658 813 708 871 ut,
732 799 797 859 licet
814 803 848 861 de
867 795 924 871 jure
953 815 1044 870 tores3
1061 819 1123 860 cum
1140 810 1244 861 cantius
1261 804 1290 862 δι
1308 799 1404 861 melius
1420 805 1467 873 sit,
1483 817 1546 860 cum
1562 796 1687 860 suasione
1706 819 1769 872 per·
1802 828 1806 836 =

105 874 187 946 eivili
205 873 355 942 minoribus
382 874 477 931 invitis
494 889 603 932 curator
621 873 725 930 dandtu
752 889 810 931 non
829 869 923 944 fuerit,
953 868 1098 932 festissima
1124 891 1251 943 responsa
1275 869 1364 932 facere
1390 876 1526 944 minores,
1552 873 1708 944 crimenque
1724 872 1779 930 di·-

108 947 149 1012 ad
166 945 244 1004 litem
271 959 362 1003 tamen
387 942 469 1004 fuerit
486 946 580 1004 iisdem
597 941 799 1016 praeiniendus,
816 937 840 1017 §.
860 943 923 1000 item
953 955 1079 1013 scutere,·
1096 961 1131 1002 ne
1147 964 1180 1004 ex
1198 963 1246 1003 sua
1265 945 1399 1016 imperitia
1419 944 1462 1003 vel
1480 941 1592 1014 juvenili
1609 944 1698 1002 calore
1715 940 1768 1000 ali-

110 1019 204 1088 inoiri,
220 1033 247 1074 a.
267 1015 356 1074 Instir.
367 1015 399 1072 de
417 1014 560 1088 caratoni
578 1020 607 1072 in
624 1013 700 1072 rebus
713 1031 736 1070 ι.
754 1015 783 1072 G.
793 1018 839 1088 qai
857 1014 922 1090 legit.
953 1015 1018 1082 quid
1035 1013 1078 1073 vel
1095 1015 1191 1072 dkant
1203 1014 1249 1074 ‚vel
1261 1017 1459 1089 taceant‚quod
1478 1013 1604 1074 siluisset
1622 1014 1768 1088 prolatum,

109 1085 319 1161 maronitanensi
337 1087 442 1160 injad.
462 1085 589 1158 babeant,
608 1085 685 1142 uela
748 1081 923 1159 Hugo'Gro-
953 1084 997 1142 vel
1015 1103 1071 1141 non
1088 1101 1122 1142 ex
1141 1103 1255 1159 ressum,
1274 1085 1397 1158 prodesse
1415 1089 1455 1145 eis
1472 1099 1595 1156 poterat,
1613 1091 1641 1148 dr
1659 1106 1676 1144 a
1692 1087 1769 1145 dete-
1823 1121 1825 1129 ι

111 1162 169 1222 tius
193 1157 353 1218 minuturi.
371 1156 413 1214 ad
429 1157 579 1232 jurisprud.
598 1155 669 1213 Hal.
686 1105 751 1214 iiii.
775 1173 798 1213 ι.
822 1171 878 1226 cap.
896 1152 922 1214 8.
954 1155 1026 1214 riore
1043 1103 1150 1213 calonio
1165 1175 1211 1216 eos
1228 1159 1341 1230 eripere,
1359 1160 1378 1213 l.
1396 1160 1501 1216 clarum
1519 1156 1545 1226 d.
1564 1157 1594 1212 C.
1612 1157 1645 1215 de
1663 1158 1767 1218 anila.

16 1285 22 1292 .
109 1251 186 1292 mm.
203 1231 229 1288 6.
248 1246 275 1286 et
292 1249 360 1302 seqq.
371 1227 409 1287 lit
426 1231 550 1304 quamvis
567 1241 762 1298 manutenes
780 1227 923 1298 pomoerio
951 1226 1181 1310 martandalure
1198 1230 1456 1304 quoqueCatronico
1468 1229 1610 1290 induilum
1619 1226 1681 1302 fuit,
1696 1245 1770 1298 eum,

110 1299 312 1364 nirabiionem
339 1317 538 1372 aqracumque
565 1317 696 1370 persona,
722 1298 845 1369 adeoque
861 1301 924 1356 &a
954 1313 1000 1365 qur
1017 1313 1121 1354 annum
1138 1293 1261 1371 implevit
1279 1312 1405 1370 quartum
1422 1303 1451 1360 δι
1468 1301 1651 1374 decimum,in
1671 1302 1769 1357 matri-

110 1377 262 1435 minoribus
278 1379 401 1430 merceri
418 1389 502 1442 posse,
512 1369 643 1441 placuerit
660 1367 924 1441 imperatoremm
953 1366 1121 1426 monialibus
1148 1373 1176 1431 da
1196 1369 1416 1444 beneficialibus,
1434 1390 1466 1428 ac
1483 1370 1544 1428 aliis
1561 1369 1767 1444 spiritualibus,

111 1445 149 1520 id,
159 1443 331 1514 utspoliatus
339 1455 405 1500 ante
419 1448 512 1499 omnia
528 1444 697 1511 restituatur,
706 1437 749 1498 vel
757 1439 925 1498 adversarius
955 1453 1004 1494 trec
1023 1455 1080 1520 non
1097 1411 1134 1496 ab
1142 1441 1243 1500 eisdem
1260 1441 1476 1510 dependentibus
1490 1445 1588 1515 causis,
1606 1444 1718 1513 perinde
1735 1459 1768 1500 ac

111 1517 141 1576 in
159 1515 326 1586 possessione
354 1511 464 1572 turbare
481 1513 607 1582 desinat,
632 1512 652 1568 l.
671 1511 721 1570 ult.
739 1510 769 1566 C.
792 1512 838 1580 qui
855 1511 924 1584 legit.
954 1509 978 1564 si
996 1524 1083 1580 maror
1101 1513 1127 1563 vi
1149 1513 1201 1569 inti
1218 1519 1337 1586 quinque
1355 1516 1437 1570 annis
1453 1515 1600 1586 existeret,
1629 1517 1665 1575 ad
1684 1532 1767 1588 agen-

108 1603 209 1659 perren.
237 1585 329 1643 stand.
348 1589 378 1643 in
397 1583 462 1657 jud.
480 1580 564 1656 junii.
584 1584 602 1639 l.
620 1582 692 1640 anic.
709 1582 740 1638 C.
758 1583 783 1637 ri
805 1595 852 1651 prr
869 1582 925 1636 vim
954 1578 1020 1662 dum
1036 1577 1081 1636 vel
1097 1529 1298 1642 abutendum
1315 1603 1361 1654 per
1377 1602 1421 1656 se,
1439 1584 1483 1644 vel
1500 1597 1701 1655 procuratorem
1720 1583 1770 1643 ad·

112 1659 158 1716 orl
172 1659 226 1716 alio
244 1655 320 1712 modo
338 1653 455 1712 absentis
471 1671 577 1725 possess.
595 1652 706 1712 turbata
724 1653 925 1740 rit,l.momen·
955 1649 1121 1708 mittendum
1137 1671 1205 1723 esre,
1222 1671 1280 1725 cap.
1298 1657 1323 1711 ri
1340 1675 1444 1712 annam
1470 1651 1496 1711 3.
1516 1656 1547 1712 de
1559 1655 1676 1730 ‚judiciis
1694 1659 1723 1714 ιἰι
1741 1653 1769 1713 6.

111 1747 196 1788 tanea
213 1725 239 1804 8.ι
257 1729 286 1784 C.
306 1726 375 1785 unde
394 1728 438 1794 νίς
462 1727 564 1788 nostris
579 1737 672 1784 tanten
697 1721 819 1784 monbus
835 1741 871 1780 ne
887 1722 926 1778 sic
955 1735 1012 1790 cap.
1022 1739 1053 1804 aa
1058 1736 1133 1790 parte
1146 1722 1187 1793 td.
1197 1741 1282 1798 rutra,
1291 1724 1323 1781 de
1341 1726 1504 1784 restitutione
1513 1732 1646 1797 spoliator.
1657 1725 1771 1786 Gotho-

149 1805 156 1818 '
175 1815 220 1858 em
236 1801 372 1856 minorem
388 1798 448 1852 sine
463 1809 588 1855 curatore
604 1797 636 1853 in
653 1792 760 1868 judiciis
776 1794 925 1852 admitten·
956 1787 1045 1849 fredus
1062 1795 1092 1848 in
1115 1811 1167 1851 not.
1186 1795 1227 1852 aa
1239 1797 1258 1853 l.
1277 1813 1301 1852 2.
1321 1797 1348 1853 C.
1367 1799 1411 1869 qui
1426 1797 1496 1871 legis.
1512 1813 1612 1870 perron
1630 1797 1722 1856 standi
1739 1801 1770 1856 in

132 1887 180 1930 um
194 1888 262 1940 esse,
281 1869 405 1926 testisest
424 1865 535 1924 Groene
601 1885 637 1926 en
654 1865 691 1924 ad
708 1863 762 1922 dl.
780 1861 926 1922 ult.lceu·
949 1859 1039 1934 judic.
1064 1859 1215 1923 Montanus
1232 1866 1263 1922 de
1282 1868 1373 1925 turris
1391 1883 1448 1938 cap.
1468 1864 1513 1924 33.
1531 1890 1557 1925 n.
1576 1867 1638 1928 610.
1657 1885 1684 1926 er
1702 1888 1770 1942 seqq.

112 1936 414 2010 mararensium.
430 1953 536 2008 parta.
553 1940 576 1995 ti
591 1962 613 1996 r.
636 1956 658 1995 r.
676 1951 735 2008 cap.
749 1953 790 1993 10.
809 1953 882 2018 ιιιιιιι.
898 1935 924 1990 tl.
956 1933 1122 2001 Carpzovius
1139 1933 1218 2010 defin.
1229 1935 1364 2011 forman,
1383 1937 1408 2010 4.
1428 1943 1530 1998 constit.
1540 1935 1583 1997 23.
1602 1936 1659 2014 defi
1681 1938 1722 2010 td.
1738 1951 1770 1996 ut

111 2012 162 2072 An
179 2021 405 2081 autemurgente
423 2009 582 2067 necessitate
599 2013 717 2068 adnotes
754 2009 782 2067 lit
800 2009 845 2078 qui
863 2005 938 2076 puris·
956 2015 1046 2061 tannen
1066 2007 1151 2063 tutius
1168 2023 1248 2080 atque
1264 2009 1414 2068 consultius
1433 2012 1519 2068 nostri
1538 2023 1669 2072 censeant
1705 2025 1769 2084 rag·

112 2083 338 2154 interpretatione
356 2099 403 2150 pro
420 2078 520 2138 talibus
532 2077 693 2154 litentur,
715 2047 850 2138 debitores
866 2094 927 2136 suos
956 2074 1060 2146 marici,
1076 2075 1112 2132 ad
1128 2095 1221 2136 caenas
1239 2077 1318 2138 hasce
1333 2093 1488 2140 curatorem
1505 2082 1548 2154 (si
1566 2101 1623 2141 non
1641 2031 1774 2154 sisipoti

113 2165 160 2212 arat
177 2172 220 2214 res
237 2168 332 2212 εοιιιιιι
340 2155 432 2210 sistere
450 2147 516 2222 (seu
532 2145 686 2222 attestare)
703 2150 816 2220 possint,
833 2145 926 2205 auibu-
956 2142 1030 2215 cujus
1047 2143 1253 2226 auiboritatede
1271 2170 1305 2208 ne
1323 2153 1385 2209 otiis
1403 2150 1476 2212 hisce
1487 2149 1518 2209 lis
1536 2166 1689 2283 peraqatur,
1703 2169 1781 2215 oua--

114 2226 199 2284 ritate
221 2227 352 2283 curatoris
368 2223 512 2295 destimti,
537 2226 560 2280 si
576 2223 611 2281 de
627 2227 689 2281 rato
705 2231 839 2289 caveant,
855 2218 927 2275 dixit
958 2231 1035 2298 tenus
1052 2219 1133 2289 ludex
1149 2218 1282 2279 arbitrari
1327 2235 1369 2282 rte
1386 2237 1482 2296 possct,
1491 2241 1552 2282 eam
1568 2226 1602 2286 de
1622 2242 1667 2284 ere
1683 2227 1773 2282 inter·

113 2299 158 2356 tir.
175 2293 208 2352 de
226 2298 255 2352 in
265 2294 381 2368 jurant.
400 2313 427 2350 a.
445 2289 492 2363 54.
512 2289 543 2350 Si
562 2304 654 2352 tamen
672 2296 766 2350 minor·
780 2293 927 2348 sivecura-
958 2305 1059 2347 ventre.

114 2381 161 2426 tor
186 2369 218 2422 in
243 2362 344 2436 iudicio
362 2363 535 2436 substiterit,
548 2382 641 2426 errore
659 2361 730 2422 sorte
752 2379 801 2432 pro
827 2358 928 2428 maiore
960 2429 967 2444 ,
997 2355 1037 2440 ιβ.
1055 2355 1206 2430 Maioribus
1224 2377 1332 2439 autem,
1350 2361 1501 2451 legitimam
1519 2383 1661 2435 personam
1678 2363 1773 2424 standi

114 2437 235 2510 habitus,
251 2450 333 2512 atque
340 2437 410 2496 adeo
427 2434 702 2506 nnllainpersonam
719 2430 775 2506 ejus
792 2433 928 2503 exceptio-
959 2447 988 2484 ιιι
1007 2431 1106 2500 perdicio
1125 2429 1296 2508 habentibus,
1314 2439 1514 2509 aequiparandi,
1531 2443 1578 2510 qui
1596 2451 1643 2497 aut
1662 2437 1772 2494 veniam

116 2527 152 2568 ne
167 2514 288 2582 opposita
305 2507 438 2580 exclusus,
447 2509 586 2565 sententia
604 2509 711 2577 quidem
720 2506 849 2565 adversus
866 2519 929 2561 eum
958 2503 1044 2559 atatis
1062 2507 1256 2578 impetrarunt,
1273 2520 1321 2566 aut
1338 2527 1386 2578 per
1403 2515 1509 2578 nuptias
1528 2511 1616 2576 precia
1635 2506 1679 2566 vel
1696 2520 1772 2564 tuto-

116 2581 297 2653 pronunciata
316 2579 418 2638 nullius
436 2578 568 2636 ammenti
586 2590 636 2649 est,
654 2578 673 2638 i.
692 2596 754 2636 cum
770 2593 797 2634 ιι
815 2577 928 2632 minam
958 2573 999 2628 ria
1027 2569 1137 2632 suerunt
1155 2572 1264 2639 liberati
1288 2589 1439 2648 potestate3
1466 2578 1614 2636 secundum
1640 2597 1689 2652 ea,
1714 2596 1774 2652 qua

116 2651 146 2722 d.
157 2652 185 2709 C.
195 2655 218 2710 ri
234 2641 339 2708 adnare
349 2669 407 2709 rem
424 2647 541 2722 judicat.
560 2651 606 2709 sed
616 2667 665 2721 pro
681 2665 715 2708 eo
732 2646 789 2705 lata
806 2642 930 2704 effei'lum
960 2640 1040 2728 lqtins
1057 2645 1101 2701 tit.
1120 2643 1307 2706 densioribus
1326 2647 1401 2706 fuere
1412 2647 1537 2736 traiiata,
1555 2668 1611 2728 qun
1621 2652 1689 2710 adeo
1706 2665 1773 2708 vera

116 2724 260 2784 soniam:
288 2720 441 2780 minoribus
457 2723 532 2778 enlm
549 2735 613 2779 atas
632 2723 661 2779 in
679 2721 786 2779 damme
801 2715 929 2775 nrbveni-
959 2727 1043 2798 sunt,
1064 2725 1095 2772 ut
1113 2718 1142 2776 br
1164 2717 1198 2776 de
1216 2717 1295 2778 rebus
1312 2719 1497 2778 immobilibus
1525 2739 1554 2777 m
1583 2721 1687 2792 iudicio
1713 2733 1773 2792 post

119 2813 167 2867 re,
195 2813 252 2852 non
270 2798 300 2850 in
318 2793 396 2858 rebus
422 2809 545 2863 prospere
562 2794 644 2866 gestis
662 2790 755 2852 obeam
772 2792 930 2861 consevit,
959 2799 1132 2855 impetratam
1158 2795 1245 2846 etatis
1267 2792 1374 2849 veniam
1401 2789 1545 2850 subsistere
1565 2791 1623 2848 sine
1648 2803 1774 2848 curatore

119 2866 138 2924 l.
155 2885 208 2925 nnn
224 2885 255 2922 ro
272 2867 362 2924 minus
383 2859 424 2932 td.
444 2862 473 2920 C.
491 2862 522 2918 de
539 2879 699 2934 procurator.
763 2859 769 2870 '
959 2871 1075 2942 queant5
1087 2875 1142 2914 non
1161 2861 1283 2932 nudqst
1300 2861 1455 2932 plenissima
1472 2867 1509 2920 eis
1528 2867 1607 2920 venia
1625 2879 1686 2922 cunt
1705 2860 1775 2918 alie·

154 2953 196 2994 ra.
205 2937 336 2996 Ceterum
345 2950 401 2994 non
412 2934 502 2992 minus
510 2936 539 2990 in
549 2939 635 2993 carnis
644 2930 842 3007 criminalibus,
851 2949 930 2990 cura·
960 2929 1195 3014 nandrpotestate
1211 2931 1313 2989 tributa
1330 2935 1387 2998 sits
1404 2933 1450 2992 sed
1467 2933 1537 2992 &si
1555 2935 1702 2992 secundum
1716 2929 1787 2990 R0··

118 3019 181 3066 tore
197 3007 311 3065 demum
328 3003 445 3076 auiiore,
455 3008 484 3062 in
503 3001 605 3077 iudicio
622 3005 765 3064 subsistere
780 3003 932 3062 minoribus
959 3015 1036 3054 mam
1054 3004 1117 3067 iuris
1134 3019 1258 3058 normam
1276 3005 1315 3062 eis
1334 3003 1459 3076 indulta,
1476 3017 1506 3062 ut
1523 3015 1655 3075 quantum
1672 3003 1707 3062 ad
1722 3001 1775 3058 im·

117 3079 215 3137 damni
225 3073 530 3146 fiiis,siveaccusatores
538 3075 930 3150 essent,siveaccusati,l.cla-
960 3067 1104 3128 mobilium
1120 3071 1314 3133 alienationem
1332 3093 1348 3131 a
1365 3075 1518 3134 minoribus
1535 3079 1631 3133 ceteris
1653 3071 1777 3135 distiniii

117 3144 219 3216 camd·
234 3147 262 3202 C
278 3144 440 3206 ianuarii.
453 3149 617 3218 narranda,
635 3143 754 3206 sericum
773 3161 866 3203 nostro
875 3139 932 3217 jure
962 3159 1018 3198 non
1035 3146 1099 3200 sint.
1118 3140 1214 3218 Neque
1231 3148 1306 3204 enim
1322 3145 1371 3204 illa
1397 3153 1533 3204 minorum
1558 3149 1680 3205 omnium
1705 3165 1776 3204 exe·

116 3218 245 3292 privatus
254 3215 343 3276 nullm
350 3217 528 3280 criminaliter
536 3234 651 3292 accuset,
665 3219 711 3279 sed
729 3217 779 3276 soli
798 3229 931 3293 pratores,
961 3211 1054 3283 quatio
1070 3219 1141 3271 circa
1160 3215 1343 3276 immobilium
1360 3217 1574 3290 alienationem,
1591 3223 1651 3286 sive
1667 3217 1777 3276 venum

51 3313 53 3319 v
118 3289 248 3348 advocati
265 3285 663 3360 iiscialiiquesimilesnominc
689 3289 931 3355 ublico;&exem·
961 3287 1181 3360 impetraverint,
1199 3288 1256 3345 sive
1274 3307 1330 3346 non
1340 3333 1350 3363 ,
1369 3293 1400 3348 in
1417 3287 1475 3347 alio
1491 3289 1635 3365 consistit,¹
1646 3306 1727 3364 quam
1744 3300 1779 3346 ut

119 3356 413 3430 ploliliorumfamllias
428 3364 513 3420 etiam
536 3365 655 3422 minores
663 3309 698 3438 dri
718 3359 790 3420 forte
807 3360 843 3419 ad
860 3359 931 3420 Pra-
961 3355 1102 3428 utrobique
1121 3375 1176 3415 non
1193 3365 1253 3418 siria
1269 3359 1379 3421 decreto
1395 3360 1527 3419 alienatio
1544 3370 1605 3416 rata
1623 3361 1675 3432 sit,
1691 3360 1709 3417 l.
1717 3374 1777 3428 pra.

118 3441 208 3488 utram
224 3433 319 3489 nontin
338 3443 395 3490 eret
408 3451 454 3490 eos
471 3446 535 3490 ante
548 3432 699 3507 legitimam
710 3434 851 3493 admoveri
867 3443 932 3490 ata·
962 3428 990 3484 C.
1008 3425 1041 3482 de
1058 3428 1117 3499 bis,
1136 3432 1182 3502 qui
1198 3449 1257 3488 vau.
1276 3438 1382 3504 ararit,
1400 3447 1569 3504 nequaquam
1587 3432 1616 3489 in
1636 3449 1687 3500 eo,
1722 3429 1777 3490 uod

120 3499 195 3574 um)
223 3503 253 3560 in
270 3447 385 3572 putitiu
411 3507 499 3562 causis
515 3522 565 3575 pro
582 3503 787 3578 maiorennibus
813 3501 931 3560 habendi
961 3502 1091 3558 metatoris
1109 3499 1270 3562 audioritate
1290 3503 1333 3560 vel
1349 3505 1384 3562 ad
1401 3501 1577 3560 alienandum
1611 3501 1654 3561 vel
1671 3451 1777 3560 aditn-

104 3573 195 3644 ‘ainr,
218 3590 277 3646 arg.
294 3574 313 3631 l.
327 3569 527 3646 filiafamilias
545 3591 573 3648 9.
584 3573 623 3647 ff
638 3575 669 3634 de
688 3576 746 3649 iis,
770 3577 815 3648 qni
832 3577 874 3632 rui
890 3573 935 3631 vei
960 3570 1081 3641 gendum
1098 3590 1163 3644 opus
1180 3585 1257 3632 eset.
1283 3571 1376 3644 linque
1403 3543 1592 3653 facu‚‚quod
1612 3569 1779 3644 generaliter

121 3642 201 3702 ater.
215 3643 276 3716 jur.
296 3661 373 3716 sunt,
392 3645 464 3702 nihil
483 3659 577 3718 vetat,
599 3664 654 3721 quo
671 3653 770 3706 minus
778 3650 835 3704 sine
853 3663 931 3703 cura-
961 3649 1140 3700 constiturum
1158 3641 1211 3702 suit
1227 3643 1444 3714 adolescentem,
1462 3661 1535 3712 culus
1553 3655 1662 3700 curator
1680 3659 1697 3698 a
1714 3659 1777 3700 sen-

121 3723 180 3773 tore
196 3713 332 3776 solemnes
348 3719 376 3777 δι
394 3715 513 3786 publicas
526 3716 658 3778 inchoent
677 3737 709 3776 ac
727 3716 871 3775 absolvant
887 3733 931 3773 ac-
961 3714 1049 3769 tentia
1065 3723 1163 3770 contra
1183 3717 1316 3772 minorem
1333 3716 1389 3774 lata
1406 3711 1606 3786 appellaverat,
1624 3732 1673 3771 suo
1702 3730 1777 3784 posse

120 3789 279 3845 mentiones.
307 3783 384 3860 Quin
403 3790 430 3848 dr
449 3793 583 3850 minorem
608 3804 763 3849 recautum
779 3791 838 3846 sine
853 3804 931 3845 eura-
961 3787 1073 3846 nomiae
1091 3783 1302 3854 appellationem
1317 3803 1440 3846 exercere
1476 3785 1499 3842 si
1527 3785 1640 3843 interim
1667 3783 1778 3842 veniant
1834 3837 1838 3847 .

120 3864 183 3911 tore
197 3859 229 3912 in
255 3853 358 3926 iraditio
373 3867 445 3918 stare
472 3878 547 3932 posse
563 3865 592 3924 ἃ
609 3859 707 3922 debere
733 3861 773 3916 sic
790 3869 822 3915 ut
839 3877 931 3930 super-
960 3855 1048 3912 atatis
1077 3857 1278 3931 impetraverit,
1310 3871 1360 3918 aut
1385 3859 1420 3917 ad
1446 3827 1597 3930 legitimam
1623 3855 1779 3937 pervene'rit

120 3939 207 3983 vectu
223 3944 254 3984 eo
270 3946 333 3986 cant
352 3925 486 3990 habeatur
493 3934 629 3991 curatoris
646 3929 801 4001 auiioritas,
818 3949 834 3988 e
851 3947 931 4004 prag·
960 3937 1086 3998 atatem,
1103 3930 1122 3985 Ι.
1140 3928 1165 3983 si
1181 3929 1255 3986 artri
1276 3947 1317 3989 ro.
1334 3929 1367 3986 de
1385 3927 1506 3998 appellat.
1525 3922 1704 3985 Sandedecir.
1715 3925 1779 4000 Fri,

119 3997 229 4056 matus
246 4003 359 4058 invenio
375 4001 556 4074 traditum,oe
573 4010 684 4062 statutis
700 4004 811 4072 pariter,
829 4000 930 4061 multo-
960 4000 1007 4054 sir.
1025 3997 1070 4054 lii.
1090 4007 1115 4054 t.
1132 4000 1176 4057 rit.
1194 3997 1270 4069 defin.
1293 4015 1333 4058 ra.
1351 3997 1564 4072 Groenewegen
1581 3997 1624 4056 nd
1638 3997 1656 4056 i.
1674 3999 1723 4058 ult.
1743 3997 1767 4055 C

118 4083 233 4140 rumque
249 4067 461 4132 inanitatibus
476 4071 611 4133 imarum
638 4070 877 4149 aGroenervegio
894 4069 936 4128 ad
959 4071 1006 4144 qui
1021 4068 1091 4146 legii.
1106 4083 1207 4140 ριιιιιι.
1223 4069 1313 4128 stand.
1331 4072 1362 4128 r‘rr
1371 4069 1463 4146 judic.
1772 4065 1782 4083 ’

120 4138 139 4196 l.
156 4136 185 4208 d.
202 4140 233 4197 C.
250 4137 282 4198 de
300 4141 423 4201 rabinis.
441 4146 600 4216 narranda.
627 4143 696 4204 Sim.
715 4161 770 4203 vsn
789 4145 930 4206 Leutwen
999 4137 1041 4210 td.
1059 4135 1103 4198 Ea
1119 4142 1234 4200 adverso
1250 4141 1404 4200 minoribus
1431 4137 1584 4200 assimilata
1613 4145 1714 4201 nostris
1745 4157 1778 4198 ac

119 4225 190 4268 etas.
200 4207 257 4283 fir.
272 4227 377 4285 parra.
393 4212 439 4272 lib.
462 4233 551 4287 neap.
563 4235 605 4275 ro.
623 4237 699 4276 num.
722 4232 763 4274 ιι.
782 4214 931 4275 Gothofre-
960 4208 1076 4270 aliarum
1092 4210 1270 4284 plurimarum
1287 4218 1409 4282 nentium
1426 4210 1548 4270 moribus
1565 4212 1690 4272 mulieres
1717 4229 1778 4268 ma·

118 4280 157 4340 do
172 4282 204 4339 in
220 4299 273 4340 not.
283 4283 326 4340 ad
339 4281 367 4342 d.
377 4283 396 4342 i.
415 4283 441 4355 d.
451 4282 531 4362 Quod
549 4285 679 4348 habimus
696 4303 791 4346 verum
799 4299 850 4360 est,
867 4303 931 4361 qua·
961 4279 1085 4356 jorennes
1102 4283 1210 4342 maritis
1227 4279 1344 4358 jurae,
1374 4302 1406 4342 ac
1429 4281 1548 4340 maritali
1575 4277 1701 4354 subieila
1727 4299 1778 4354 po·

118 4362 199 4413 natu
215 4353 380 4442 interrogati
405 4357 440 4418 de
455 4361 570 4418 crimine
595 4366 733 4430 minores,
758 4361 809 4432 ipsi
827 4357 933 4421 deruis
961 4355 1066 4426 testati,
1083 4353 1230 4428 dequibus
1248 4355 1357 4432 itidem,
1370 4358 1416 4413 rit.
1439 4353 1471 4412 de
1494 4353 1650 4414 minoribus.
1669 4351 1778 4428 Quam-

119 4435 249 4484 tenentur
267 4421 347 4488 fatto
374 4429 553 4504 respondere,
579 4449 635 4492 non
654 4431 786 4489 curatoris
804 4436 858 4502 sul,
885 4427 933 4489 scd
964 4431 1004 4484 vis
1020 4445 1086 4500 ergo
1109 4423 1165 4498 jure
1181 4425 1257 4484 civili
1275 4443 1346 4487 utor
1364 4445 1435 4498 aque
1447 4428 1512 4486 sine
1529 4433 1649 4500 marito,
1666 4443 1699 4482 ac
1716 4439 1778 4508 ma·

119 4498 231 4625 iim
245 4515 318 4565 ores
334 4513 388 4568 qtao
407 4499 513 4560 videtm
530 4519 577 4573 per
602 4501 764 4562 allusionem
790 4505 933 4574 remetiens
963 4498 1033 4556 ritus
1058 4497 1118 4558 sine
1144 4515 1228 4557 uxore
1255 4503 1372 4569 potuerit
1390 4501 1421 4555 in
1448 4495 1547 4568 iudicio
1572 4497 1717 4556 subsistere
1745 4513 1789 4572 m¹

150 4585 205 4640 ugo
220 4565 341 4630 Grotius
357 4571 515 4636 manaan.
534 4571 576 4628 aa
582 4572 732 4649 jurisprud.
750 4571 821 4629 Hali.
839 4569 885 4630 lib.
907 4587 932 4628 r.
961 4573 1049 4628 causis
1066 4569 1196 4642 propriis,
1214 4590 1268 4648 arg.
1287 4571 1306 4630 Ι.
1328 4589 1352 4628 ι.
1371 4567 1408 4640 15.
1426 4569 1459 4627 de
1480 4569 1653 4644 mandanda,
1679 4571 1717 4623 sic
1744 4575 1777 4622 ut

119 4653 177 4710 cap.
196 4638 224 4710 d
241 4643 273 4698 ia
288 4657 327 4713 pr.
345 4638 469 4716 alioquin
485 4643 646 4719 enim,quin
663 4645 697 4701 ad
715 4641 886 4704 defensiones
904 4647 932 4700 ln
962 4645 991 4701 tt
1008 4643 1109 4700 marito
1124 4659 1195 4700 uxor
1212 4654 1381 4714 proponatur
1397 4643 1540 4702 mannase
1557 4641 1633 4698 litem
1650 4653 1727 4696 suam
1745 4637 1777 4692 in

120 4707 168 4770 lite
183 4711 325 4774 criminali
342 4705 480 4774 intendas
495 4718 628 4774 nnatoris
644 4711 791 4775 audioritas
809 4711 934 4774 adhiberi
965 4708 1063 4784 judicio
1080 4713 1281 4790 peragendam,
1299 4715 1318 4774 i.
1334 4733 1388 4772 non
1403 4733 1434 4770 ιι
1451 4717 1541 4770 minus
1562 4708 1604 4778 id.
1623 4709 1651 4765 C.
1669 4705 1700 4762 de
1716 4721 1776 4780 pro-

183 4783 208 4841 it
224 4801 258 4841 ac
274 4781 384 4872 deust,
392 4782 520 4846 dubitare
536 4803 594 4846 non
611 4788 678 4846 nnis
689 4787 851 4847 constitutio
869 4781 935 4842 Plri-
962 4801 1079 4843 curator.
1098 4803 1147 4843 nec
1164 4803 1232 4844 uror
1248 4803 1298 4858 pro
1313 4785 1431 4855 rmrito,
1450 4783 1494 4844 vel
1509 4782 1624 4839 maritus
1641 4796 1690 4848 pro
1707 4793 1778 4836 ιικο-
1862 4809 1865 4818 ·

132 4856 187 4928 'ppl
205 4851 289 4930 Hirp.
309 4853 401 4934 aege,
417 4855 586 4920 adamarit
602 4873 634 4930 op
648 4857 680 4916 dr
698 4855 838 4922 criminale
848 4857 936 4932 jarri-
964 4873 994 4914 re
1010 4855 1129 4929 potuerit
1145 4856 1309 4929 conveniri,
1326 4859 1372 4916 ιὶι.
1389 4855 1417 4913 C.
1444 4873 1477 4913 ne
1502 4872 1566 4912 uror
1588 4867 1634 4923 pro
1661 4851 1779 4918 inuritur
