<?xml version="1.0" encoding="UTF-8"?>
<!DOCTYPE html PUBLIC "-//W3C//DTD XHTML 1.0 Transitional//EN"
    "http://www.w3.org/TR/xhtml1/DTD/xhtml1-transitional.dtd">
<html xmlns="http://www.w3.org/1999/xhtml" xml:lang="en" lang="en">
 <head>
  <title>
</title>
<meta http-equiv="Content-Type" content="text/html;charset=utf-8" />
  <meta name='ocr-system' content='tesseract 3.04.00' />
  <meta name='ocr-capabilities' content='ocr_page ocr_carea ocr_par ocr_line ocrx_word'/>
</head>
<body>
  <div class='ocr_page' id='page_1' title='image "./joannisvoetcomm00voetgoog_0456.png"; bbox 0 0 4022 5352; ppageno 0'>
   <div class='ocr_carea' id='block_1_1' title="bbox 278 177 1237 279">
    <p class='ocr_par' dir='ltr' id='par_1_1' title="bbox 278 177 1237 279">
     <span class='ocr_line' id='line_1_1' title="bbox 278 177 1237 279; baseline -0.003 -29"><span class='ocrx_word' id='word_1_1' title='bbox 278 177 348 279; x_wconf 51' lang='grc' dir='ltr'>ψ</span> <span class='ocrx_word' id='word_1_2' title='bbox 807 179 1237 264; x_wconf 62' lang='lat' dir='ltr'>„mmmm</span> 
     </span>
    </p>
   </div>
   <div class='ocr_carea' id='block_1_2' title="bbox 208 269 1984 4818">
    <p class='ocr_par' dir='ltr' id='par_1_2' title="bbox 208 269 1984 4818">
     <span class='ocr_line' id='line_1_2' title="bbox 237 269 1884 347; baseline 0.003 -15"><span class='ocrx_word' id='word_1_3' title='bbox 237 273 358 344; x_wconf 78' lang='lat' dir='ltr'>adeoque</span> <span class='ocrx_word' id='word_1_4' title='bbox 375 271 489 334; x_wconf 84' lang='lat' dir='ltr'>netdrtttt</span> <span class='ocrx_word' id='word_1_5' title='bbox 506 279 594 344; x_wconf 78' lang='lat' dir='ltr'>utta,</span> <span class='ocrx_word' id='word_1_6' title='bbox 606 269 727 334; x_wconf 72' lang='lat' dir='ltr'>vtretdunt</span> <span class='ocrx_word' id='word_1_7' title='bbox 744 269 847 344; x_wconf 84' lang='lat' dir='ltr'>uspiam</span> <span class='ocrx_word' id='word_1_8' title='bbox 864 288 1043 343; x_wconf 78' lang='lat' dir='ltr'>apparentes,</span> <span class='ocrx_word' id='word_1_9' title='bbox 1071 271 1180 342; x_wconf 89' lang='lat' dir='ltr'>dantur,</span> <span class='ocrx_word' id='word_1_10' title='bbox 1198 289 1231 330; x_wconf 86' lang='lat' dir='ltr'>ac</span> <span class='ocrx_word' id='word_1_11' title='bbox 1247 271 1457 344; x_wconf 72' lang='lat' dir='ltr'>emetirentur,</span> <span class='ocrx_word' id='word_1_12' title='bbox 1475 289 1505 332; x_wconf 83' lang='lat' dir='ltr'>ut</span> <span class='ocrx_word' id='word_1_13' title='bbox 1522 271 1652 347; x_wconf 62' lang='lat' dir='ltr'>quam</span> <span class='ocrx_word' id='word_1_14' title='bbox 1665 271 1779 344; x_wconf 64' lang='lat' dir='ltr'>patema</span> <span class='ocrx_word' id='word_1_15' title='bbox 1792 278 1884 338; x_wconf 72' lang='lat' dir='ltr'>saluca</span> 
     </span>
     <span class='ocr_line' id='line_1_3' title="bbox 219 341 1883 416; baseline 0.001 -12"><span class='ocrx_word' id='word_1_16' title='bbox 219 343 352 404; x_wconf 58' lang='lat' dir='ltr'>muudum</span> <span class='ocrx_word' id='word_1_17' title='bbox 368 343 452 403; x_wconf 79' lang='lat' dir='ltr'>ullius</span> <span class='ocrx_word' id='word_1_18' title='bbox 469 343 559 410; x_wconf 74' lang='lat' dir='ltr'>predii</span> <span class='ocrx_word' id='word_1_19' title='bbox 578 343 743 416; x_wconf 70' lang='lat' dir='ltr'>qttalitates,</span> <span class='ocrx_word' id='word_1_20' title='bbox 760 349 841 408; x_wconf 82' lang='lat' dir='ltr'>etlam</span> <span class='ocrx_word' id='word_1_21' title='bbox 860 347 889 400; x_wconf 80' lang='lat' dir='ltr'>a&#39;n</span> <span class='ocrx_word' id='word_1_22' title='bbox 907 341 979 400; x_wconf 76' lang='lat' dir='ltr'>bonit</span> <span class='ocrx_word' id='word_1_23' title='bbox 998 363 1045 402; x_wconf 82' lang='lat' dir='ltr'>seu</span> <span class='ocrx_word' id='word_1_24' title='bbox 1072 357 1123 396; x_wconf 80' lang='lat' dir='ltr'>non</span> <span class='ocrx_word' id='word_1_25' title='bbox 1140 347 1195 413; x_wconf 83' lang='lat' dir='ltr'>rr&#39;t,</span> <span class='ocrx_word' id='word_1_26' title='bbox 1212 345 1246 398; x_wconf 85' lang='lat' dir='ltr'>r&#39;r&#39;r</span> <span class='ocrx_word' id='word_1_27' title='bbox 1264 343 1431 402; x_wconf 76' lang='lat' dir='ltr'>servitutibus</span> <span class='ocrx_word' id='word_1_28' title='bbox 1446 343 1556 402; x_wconf 76' lang='lat' dir='ltr'>creditor</span> <span class='ocrx_word' id='word_1_29' title='bbox 1573 362 1685 416; x_wconf 77' lang='lat' dir='ltr'>utatur,</span> <span class='ocrx_word' id='word_1_30' title='bbox 1716 343 1750 408; x_wconf 68' lang='grc' dir='ltr'>Θ</span> <span class='ocrx_word' id='word_1_31' title='bbox 1766 347 1793 402; x_wconf 80' lang='lat' dir='ltr'>rr&#39;</span> <span class='ocrx_word' id='word_1_32' title='bbox 1808 351 1883 408; x_wconf 78' lang='lat' dir='ltr'>intra</span> 
     </span>
     <span class='ocr_line' id='line_1_4' title="bbox 208 410 1885 486; baseline 0 -14"><span class='ocrx_word' id='word_1_33' title='bbox 208 463 211 476; x_wconf 84' lang='lat'>.</span> <span class='ocrx_word' id='word_1_34' title='bbox 231 427 266 472; x_wconf 77' lang='lat' dir='ltr'>etr</span> <span class='ocrx_word' id='word_1_35' title='bbox 282 413 371 486; x_wconf 73' lang='lat' dir='ltr'>bonis,</span> <span class='ocrx_word' id='word_1_36' title='bbox 404 433 449 472; x_wconf 85' lang='lat' dir='ltr'>seu</span> <span class='ocrx_word' id='word_1_37' title='bbox 467 416 538 478; x_wconf 86' lang='lat' dir='ltr'>inter</span> <span class='ocrx_word' id='word_1_38' title='bbox 557 410 628 470; x_wconf 87' lang='lat' dir='ltr'>bona</span> <span class='ocrx_word' id='word_1_39' title='bbox 645 413 750 470; x_wconf 88' lang='lat' dir='ltr'>domini</span> <span class='ocrx_word' id='word_1_40' title='bbox 767 414 860 484; x_wconf 77' lang='lat' dir='ltr'>predii</span> <span class='ocrx_word' id='word_1_41' title='bbox 878 414 1046 472; x_wconf 85' lang='lat' dir='ltr'>dominantis</span> <span class='ocrx_word' id='word_1_42' title='bbox 1074 412 1263 470; x_wconf 69' lang='lat' dir='ltr'>corrumdam</span> <span class='ocrx_word' id='word_1_43' title='bbox 1278 417 1391 482; x_wconf 80' lang='lat' dir='ltr'>pecunia</span> <span class='ocrx_word' id='word_1_44' title='bbox 1408 415 1495 474; x_wconf 71' lang='lat' dir='ltr'>solata</span> <span class='ocrx_word' id='word_1_45' title='bbox 1511 416 1563 472; x_wconf 72' lang='lat' dir='ltr'>uin</span> <span class='ocrx_word' id='word_1_46' title='bbox 1579 419 1637 484; x_wconf 85' lang='lat' dir='ltr'>rit,</span> <span class='ocrx_word' id='word_1_47' title='bbox 1655 414 1765 472; x_wconf 76' lang='lat' dir='ltr'>madere</span> <span class='ocrx_word' id='word_1_48' title='bbox 1780 419 1885 478; x_wconf 61' lang='lat' dir='ltr'>carrei-l</span> 
     </span>
     <span class='ocr_line' id='line_1_5' title="bbox 219 481 1895 555; baseline 0 -13"><span class='ocrx_word' id='word_1_49' title='bbox 219 486 444 544; x_wconf 44' lang='lat' dir='ltr'>,nutaret-vienus</span> <span class='ocrx_word' id='word_1_50' title='bbox 461 487 600 540; x_wconf 73' lang='lat' dir='ltr'>nunurari</span> <span class='ocrx_word' id='word_1_51' title='bbox 617 481 694 542; x_wconf 91' lang='lat' dir='ltr'>nullo</span> <span class='ocrx_word' id='word_1_52' title='bbox 719 483 801 541; x_wconf 88' lang='lat' dir='ltr'>modo</span> <span class='ocrx_word' id='word_1_53' title='bbox 829 497 977 554; x_wconf 84' lang='lat' dir='ltr'>poterant,</span> <span class='ocrx_word' id='word_1_54' title='bbox 999 484 1045 542; x_wconf 89' lang='lat' dir='ltr'>sed</span> <span class='ocrx_word' id='word_1_55' title='bbox 1073 483 1131 536; x_wconf 81' lang='lat' dir='ltr'>cino</span> <span class='ocrx_word' id='word_1_56' title='bbox 1148 483 1246 555; x_wconf 79' lang='lat' dir='ltr'>liccat,</span> <span class='ocrx_word' id='word_1_57' title='bbox 1263 495 1347 555; x_wconf 86' lang='lat' dir='ltr'>puta,</span> <span class='ocrx_word' id='word_1_58' title='bbox 1369 484 1449 541; x_wconf 89' lang='lat' dir='ltr'>simul</span> <span class='ocrx_word' id='word_1_59' title='bbox 1466 499 1528 542; x_wconf 82' lang='lat' dir='ltr'>mm</span> <span class='ocrx_word' id='word_1_60' title='bbox 1546 489 1603 552; x_wconf 89' lang='lat' dir='ltr'>ipso</span> <span class='ocrx_word' id='word_1_61' title='bbox 1620 481 1719 553; x_wconf 78' lang='lat' dir='ltr'>predio</span> <span class='ocrx_word' id='word_1_62' title='bbox 1735 485 1895 548; x_wconf 50' lang='lat' dir='ltr'>dominam</span> 
     </span>
     <span class='ocr_line' id='line_1_6' title="bbox 236 551 1885 630; baseline 0.003 -17"><span class='ocrx_word' id='word_1_63' title='bbox 236 554 324 626; x_wconf 82' lang='lat' dir='ltr'>magis</span> <span class='ocrx_word' id='word_1_64' title='bbox 340 567 371 612; x_wconf 92' lang='lat' dir='ltr'>ut</span> <span class='ocrx_word' id='word_1_65' title='bbox 388 567 491 616; x_wconf 80' lang='lat' dir='ltr'>nerrun</span> <span class='ocrx_word' id='word_1_66' title='bbox 508 571 559 610; x_wconf 78' lang='lat' dir='ltr'>non</span> <span class='ocrx_word' id='word_1_67' title='bbox 584 573 631 609; x_wconf 71' lang='lat' dir='ltr'>cnr</span> <span class='ocrx_word' id='word_1_68' title='bbox 657 551 802 618; x_wconf 83' lang='lat' dir='ltr'>veniebant</span> <span class='ocrx_word' id='word_1_69' title='bbox 828 555 1044 613; x_wconf 74' lang='lat' dir='ltr'>consideranda.</span> <span class='ocrx_word' id='word_1_70' title='bbox 1074 563 1120 621; x_wconf 87' lang='lat' dir='ltr'>te,</span> <span class='ocrx_word' id='word_1_71' title='bbox 1138 551 1156 608; x_wconf 83' lang='lat' dir='ltr'>l.</span> <span class='ocrx_word' id='word_1_72' title='bbox 1174 551 1223 608; x_wconf 80' lang='lat' dir='ltr'>red</span> <span class='ocrx_word' id='word_1_73' title='bbox 1238 573 1275 608; x_wconf 83' lang='lat' dir='ltr'>an</span> <span class='ocrx_word' id='word_1_74' title='bbox 1292 553 1340 608; x_wconf 77' lang='lat' dir='ltr'>via</span> <span class='ocrx_word' id='word_1_75' title='bbox 1360 569 1400 610; x_wconf 84' lang='lat'>12.</span> <span class='ocrx_word' id='word_1_76' title='bbox 1413 551 1451 626; x_wconf 76' lang='lat' dir='ltr'>ff.</span> <span class='ocrx_word' id='word_1_77' title='bbox 1468 553 1501 609; x_wconf 79' lang='lat' dir='ltr'>dc</span> <span class='ocrx_word' id='word_1_78' title='bbox 1517 556 1612 630; x_wconf 71' lang='lat' dir='ltr'>pigm</span> <span class='ocrx_word' id='word_1_79' title='bbox 1630 553 1664 616; x_wconf 71' lang='lat' dir='ltr'>to·</span> <span class='ocrx_word' id='word_1_80' title='bbox 1687 553 1784 625; x_wconf 67' lang='lat' dir='ltr'>humb·</span> <span class='ocrx_word' id='word_1_81' title='bbox 1812 555 1885 630; x_wconf 61' lang='lat' dir='ltr'>Qus</span> 
     </span>
     <span class='ocr_line' id='line_1_7' title="bbox 236 618 1883 696; baseline 0.001 -14"><span class='ocrx_word' id='word_1_82' title='bbox 236 618 307 693; x_wconf 67' lang='lat' dir='ltr'>Qua</span> <span class='ocrx_word' id='word_1_83' title='bbox 324 635 417 685; x_wconf 68' lang='lat' dir='ltr'>tanen</span> <span class='ocrx_word' id='word_1_84' title='bbox 435 623 551 692; x_wconf 78' lang='lat' dir='ltr'>eadem,</span> <span class='ocrx_word' id='word_1_85' title='bbox 569 624 633 690; x_wconf 85' lang='lat' dir='ltr'>quia</span> <span class='ocrx_word' id='word_1_86' title='bbox 649 641 735 681; x_wconf 90' lang='lat' dir='ltr'>rerum</span> <span class='ocrx_word' id='word_1_87' title='bbox 750 621 867 680; x_wconf 85' lang='lat' dir='ltr'>aliarum</span> <span class='ocrx_word' id='word_1_88' title='bbox 892 621 1045 681; x_wconf 88' lang='lat' dir='ltr'>futurarum</span> <span class='ocrx_word' id='word_1_89' title='bbox 1075 633 1165 680; x_wconf 86' lang='lat' dir='ltr'>tamen</span> <span class='ocrx_word' id='word_1_90' title='bbox 1182 624 1223 681; x_wconf 93' lang='lat' dir='ltr'>ita</span> <span class='ocrx_word' id='word_1_91' title='bbox 1240 621 1389 692; x_wconf 76' lang='lat' dir='ltr'>procedunt</span> <span class='ocrx_word' id='word_1_92' title='bbox 1406 643 1461 682; x_wconf 91' lang='lat' dir='ltr'>non</span> <span class='ocrx_word' id='word_1_93' title='bbox 1479 641 1584 682; x_wconf 86' lang='lat' dir='ltr'>summo</span> <span class='ocrx_word' id='word_1_94' title='bbox 1600 623 1675 696; x_wconf 77' lang='lat' dir='ltr'>iure,</span> <span class='ocrx_word' id='word_1_95' title='bbox 1693 627 1738 684; x_wconf 83' lang='lat' dir='ltr'>sed</span> <span class='ocrx_word' id='word_1_96' title='bbox 1754 631 1883 696; x_wconf 68' lang='lat' dir='ltr'>pretoria</span> 
     </span>
     <span class='ocr_line' id='line_1_8' title="bbox 236 691 1886 767; baseline 0.002 -17"><span class='ocrx_word' id='word_1_97' title='bbox 236 691 360 763; x_wconf 81' lang='lat' dir='ltr'>exeutplo</span> <span class='ocrx_word' id='word_1_98' title='bbox 376 699 474 762; x_wconf 87' lang='lat' dir='ltr'>sperari</span> <span class='ocrx_word' id='word_1_99' title='bbox 492 705 616 761; x_wconf 81' lang='lat' dir='ltr'>poterant</span> <span class='ocrx_word' id='word_1_100' title='bbox 634 694 706 754; x_wconf 83' lang='lat' dir='ltr'>&amp;ex</span> <span class='ocrx_word' id='word_1_101' title='bbox 724 691 826 752; x_wconf 85' lang='lat' dir='ltr'>domini</span> <span class='ocrx_word' id='word_1_102' title='bbox 834 691 973 755; x_wconf 86' lang='lat' dir='ltr'>voluntate</span> <span class='ocrx_word' id='word_1_103' title='bbox 983 712 1045 762; x_wconf 86' lang='lat' dir='ltr'>pro-</span> <span class='ocrx_word' id='word_1_104' title='bbox 1074 691 1211 760; x_wconf 85' lang='lat' dir='ltr'>tuitione,·</span> <span class='ocrx_word' id='word_1_105' title='bbox 1227 707 1288 750; x_wconf 85' lang='lat' dir='ltr'>eum</span> <span class='ocrx_word' id='word_1_106' title='bbox 1305 693 1363 761; x_wconf 84' lang='lat' dir='ltr'>ipro</span> <span class='ocrx_word' id='word_1_107' title='bbox 1379 691 1437 764; x_wconf 80' lang='lat' dir='ltr'>jure</span> <span class='ocrx_word' id='word_1_108' title='bbox 1453 693 1593 752; x_wconf 80' lang='lat' dir='ltr'>servitutes</span> <span class='ocrx_word' id='word_1_109' title='bbox 1610 712 1696 767; x_wconf 87' lang='lat' dir='ltr'>neque</span> <span class='ocrx_word' id='word_1_110' title='bbox 1712 713 1745 752; x_wconf 86' lang='lat' dir='ltr'>ex</span> <span class='ocrx_word' id='word_1_111' title='bbox 1760 708 1886 765; x_wconf 88' lang='lat' dir='ltr'>tempore</span> 
     </span>
     <span class='ocr_line' id='line_1_9' title="bbox 237 759 1882 836; baseline 0.001 -16"><span class='ocrx_word' id='word_1_112' title='bbox 237 761 303 820; x_wconf 88' lang='lat' dir='ltr'>duci</span> <span class='ocrx_word' id='word_1_113' title='bbox 318 780 349 818; x_wconf 88' lang='lat' dir='ltr'>ac</span> <span class='ocrx_word' id='word_1_114' title='bbox 367 765 463 834; x_wconf 77' lang='lat' dir='ltr'>nasci,</span> <span class='ocrx_word' id='word_1_115' title='bbox 474 769 571 818; x_wconf 89' lang='lat' dir='ltr'>merito</span> <span class='ocrx_word' id='word_1_116' title='bbox 588 759 745 824; x_wconf 81' lang='lat' dir='ltr'>dicebantur</span> <span class='ocrx_word' id='word_1_117' title='bbox 762 781 836 818; x_wconf 75' lang='lat' dir='ltr'>extra</span> <span class='ocrx_word' id='word_1_118' title='bbox 851 762 919 820; x_wconf 72' lang='lat' dir='ltr'>iona</span> <span class='ocrx_word' id='word_1_119' title='bbox 936 783 986 820; x_wconf 78' lang='lat' dir='ltr'>non</span> <span class='ocrx_word' id='word_1_120' title='bbox 1004 785 1045 820; x_wconf 84' lang='lat' dir='ltr'>es·</span> <span class='ocrx_word' id='word_1_121' title='bbox 1074 777 1159 828; x_wconf 88' lang='lat' dir='ltr'>neque</span> <span class='ocrx_word' id='word_1_122' title='bbox 1176 761 1210 819; x_wconf 89' lang='lat' dir='ltr'>ad</span> <span class='ocrx_word' id='word_1_123' title='bbox 1228 774 1332 830; x_wconf 90' lang='lat' dir='ltr'>tempus</span> <span class='ocrx_word' id='word_1_124' title='bbox 1349 765 1477 820; x_wconf 89' lang='lat' dir='ltr'>constitui</span> <span class='ocrx_word' id='word_1_125' title='bbox 1495 765 1681 835; x_wconf 62' lang='lat' dir='ltr'>potuerintsl.</span> <span class='ocrx_word' id='word_1_126' title='bbox 1698 769 1835 824; x_wconf 69' lang='lat' dir='ltr'>servitutes</span> <span class='ocrx_word' id='word_1_127' title='bbox 1852 763 1882 836; x_wconf 70' lang='lat' dir='ltr'>d.</span> 
     </span>
     <span class='ocr_line' id='line_1_10' title="bbox 235 824 1884 905; baseline 0.004 -20"><span class='ocrx_word' id='word_1_128' title='bbox 235 850 285 903; x_wconf 66' lang='lat' dir='ltr'>ser</span> <span class='ocrx_word' id='word_1_129' title='bbox 301 836 396 902; x_wconf 84' lang='lat' dir='ltr'>quippe</span> <span class='ocrx_word' id='word_1_130' title='bbox 412 833 483 902; x_wconf 86' lang='lat' dir='ltr'>quod</span> <span class='ocrx_word' id='word_1_131' title='bbox 500 833 533 888; x_wconf 88' lang='lat' dir='ltr'>de</span> <span class='ocrx_word' id='word_1_132' title='bbox 552 833 586 884; x_wconf 88' lang='lat' dir='ltr'>iis</span> <span class='ocrx_word' id='word_1_133' title='bbox 603 848 659 887; x_wconf 91' lang='lat' dir='ltr'>non</span> <span class='ocrx_word' id='word_1_134' title='bbox 676 829 746 892; x_wconf 71' lang='lat' dir='ltr'>satie</span> <span class='ocrx_word' id='word_1_135' title='bbox 762 833 925 905; x_wconf 73' lang='lat' dir='ltr'>asserueris,</span> <span class='ocrx_word' id='word_1_136' title='bbox 943 851 998 902; x_wconf 72' lang='lat' dir='ltr'>qua</span> <span class='ocrx_word' id='word_1_137' title='bbox 1016 839 1044 893; x_wconf 77' lang='lat' dir='ltr'>tir</span> <span class='ocrx_word' id='word_1_138' title='bbox 1068 824 1105 896; x_wconf 77' lang='lat' dir='ltr'>ff·</span> <span class='ocrx_word' id='word_1_139' title='bbox 1120 829 1153 884; x_wconf 79' lang='lat' dir='ltr'>de</span> <span class='ocrx_word' id='word_1_140' title='bbox 1170 829 1360 904; x_wconf 70' lang='lat' dir='ltr'>servitutibus,</span> <span class='ocrx_word' id='word_1_141' title='bbox 1377 834 1448 893; x_wconf 83' lang='lat' dir='ltr'>unde</span> <span class='ocrx_word' id='word_1_142' title='bbox 1466 836 1492 893; x_wconf 78' lang='lat' dir='ltr'>dr</span> <span class='ocrx_word' id='word_1_143' title='bbox 1511 835 1539 890; x_wconf 90' lang='lat' dir='ltr'>lu</span> <span class='ocrx_word' id='word_1_144' title='bbox 1558 832 1583 889; x_wconf 78' lang='lat' dir='ltr'>d.</span> <span class='ocrx_word' id='word_1_145' title='bbox 1603 835 1621 890; x_wconf 91' lang='lat' dir='ltr'>l.</span> <span class='ocrx_word' id='word_1_146' title='bbox 1641 850 1683 890; x_wconf 88' lang='lat' dir='ltr'>ra.</span> <span class='ocrx_word' id='word_1_147' title='bbox 1701 837 1730 891; x_wconf 84' lang='lat' dir='ltr'>in</span> <span class='ocrx_word' id='word_1_148' title='bbox 1739 833 1798 905; x_wconf 72' lang='lat' dir='ltr'>fine</span> <span class='ocrx_word' id='word_1_149' title='bbox 1810 833 1884 894; x_wconf 88' lang='lat' dir='ltr'>Pau·</span> 
     </span>
     <span class='ocr_line' id='line_1_11' title="bbox 221 897 1884 975; baseline 0.001 -18"><span class='ocrx_word' id='word_1_150' title='bbox 221 901 322 964; x_wconf 82' lang='lat' dir='ltr'>··veodi</span> <span class='ocrx_word' id='word_1_151' title='bbox 339 905 366 968; x_wconf 78' lang='lat' dir='ltr'>dr</span> <span class='ocrx_word' id='word_1_152' title='bbox 384 901 467 972; x_wconf 81' lang='lat' dir='ltr'>legari</span> <span class='ocrx_word' id='word_1_153' title='bbox 484 903 511 962; x_wconf 76' lang='lat' dir='ltr'>u</span> <span class='ocrx_word' id='word_1_154' title='bbox 530 901 627 962; x_wconf 85' lang='lat' dir='ltr'>donari</span> <span class='ocrx_word' id='word_1_155' title='bbox 645 911 770 974; x_wconf 87' lang='lat' dir='ltr'>possunt,</span> <span class='ocrx_word' id='word_1_156' title='bbox 786 906 825 973; x_wconf 76' lang='lat' dir='ltr'>dr,</span> <span class='ocrx_word' id='word_1_157' title='bbox 842 899 892 974; x_wconf 91' lang='lat' dir='ltr'>(ut</span> <span class='ocrx_word' id='word_1_158' title='bbox 909 901 994 962; x_wconf 88' lang='lat' dir='ltr'>verbo</span> <span class='ocrx_word' id='word_1_159' title='bbox 1002 905 1044 961; x_wconf 88' lang='lat' dir='ltr'>di·</span> <span class='ocrx_word' id='word_1_160' title='bbox 1074 897 1114 958; x_wconf 89' lang='lat' dir='ltr'>lus</span> <span class='ocrx_word' id='word_1_161' title='bbox 1132 901 1294 971; x_wconf 82' lang='lat' dir='ltr'>adnotavit,</span> <span class='ocrx_word' id='word_1_162' title='bbox 1317 900 1388 959; x_wconf 87' lang='lat' dir='ltr'>banc</span> <span class='ocrx_word' id='word_1_163' title='bbox 1405 909 1570 960; x_wconf 87' lang='lat' dir='ltr'>sententiam</span> <span class='ocrx_word' id='word_1_164' title='bbox 1597 918 1705 975; x_wconf 87' lang='lat' dir='ltr'>propter</span> <span class='ocrx_word' id='word_1_165' title='bbox 1732 905 1884 968; x_wconf 79' lang='lat' dir='ltr'>utilitatem</span> 
     </span>
     <span class='ocr_line' id='line_1_12' title="bbox 220 966 1821 1040; baseline 0.004 -14"><span class='ocrx_word' id='word_1_166' title='bbox 220 966 318 1040; x_wconf 81' lang='lat' dir='ltr'>,caml</span> <span class='ocrx_word' id='word_1_167' title='bbox 335 989 367 1028; x_wconf 86' lang='lat' dir='ltr'>ea</span> <span class='ocrx_word' id='word_1_168' title='bbox 385 973 490 1032; x_wconf 89' lang='lat' dir='ltr'>ratione</span> <span class='ocrx_word' id='word_1_169' title='bbox 506 973 673 1034; x_wconf 81' lang='lat' dir='ltr'>commerciis</span> <span class='ocrx_word' id='word_1_170' title='bbox 702 969 842 1029; x_wconf 87' lang='lat' dir='ltr'>bominum</span> <span class='ocrx_word' id='word_1_171' title='bbox 859 990 916 1030; x_wconf 86' lang='lat' dir='ltr'>non</span> <span class='ocrx_word' id='word_1_172' title='bbox 939 991 1045 1040; x_wconf 88' lang='lat' dir='ltr'>prorsus</span> <span class='ocrx_word' id='word_1_173' title='bbox 1073 967 1294 1028; x_wconf 81' lang='lat' dir='ltr'>contrahentium</span> <span class='ocrx_word' id='word_1_174' title='bbox 1311 969 1391 1030; x_wconf 78' lang='lat' dir='ltr'>baisse</span> <span class='ocrx_word' id='word_1_175' title='bbox 1417 974 1631 1034; x_wconf 83' lang='lat' dir='ltr'>admittendam:</span> <span class='ocrx_word' id='word_1_176' title='bbox 1662 973 1759 1031; x_wconf 88' lang='lat' dir='ltr'>eodem</span> <span class='ocrx_word' id='word_1_177' title='bbox 1785 993 1821 1032; x_wconf 88' lang='lat' dir='ltr'>ne</span> 
     </span>
     <span class='ocr_line' id='line_1_13' title="bbox 234 1036 1849 1114; baseline 0.004 -19"><span class='ocrx_word' id='word_1_178' title='bbox 234 1052 346 1104; x_wconf 82' lang='lat' dir='ltr'>excmta</span> <span class='ocrx_word' id='word_1_179' title='bbox 365 1036 564 1114; x_wconf 86' lang='lat' dir='ltr'>intelliguntur·</span> <span class='ocrx_word' id='word_1_180' title='bbox 583 1039 674 1112; x_wconf 79' lang='lat' dir='ltr'>Atque</span> <span class='ocrx_word' id='word_1_181' title='bbox 691 1038 763 1100; x_wconf 87' lang='lat' dir='ltr'>bunc</span> <span class='ocrx_word' id='word_1_182' title='bbox 781 1059 874 1100; x_wconf 86' lang='lat' dir='ltr'>verum</span> <span class='ocrx_word' id='word_1_183' title='bbox 891 1043 918 1100; x_wconf 90' lang='lat' dir='ltr'>d.</span> <span class='ocrx_word' id='word_1_184' title='bbox 928 1039 993 1114; x_wconf 86' lang='lat' dir='ltr'>legis</span> <span class='ocrx_word' id='word_1_185' title='bbox 1001 1048 1044 1100; x_wconf 88' lang='lat' dir='ltr'>iu·</span> <span class='ocrx_word' id='word_1_186' title='bbox 1074 1037 1173 1109; x_wconf 87' lang='lat' dir='ltr'>modo,</span> <span class='ocrx_word' id='word_1_187' title='bbox 1191 1056 1244 1108; x_wconf 86' lang='lat' dir='ltr'>quo</span> <span class='ocrx_word' id='word_1_188' title='bbox 1259 1049 1401 1100; x_wconf 80' lang='lat' dir='ltr'>servitutes</span> <span class='ocrx_word' id='word_1_189' title='bbox 1418 1045 1540 1110; x_wconf 88' lang='lat' dir='ltr'>precario</span> <span class='ocrx_word' id='word_1_190' title='bbox 1556 1043 1690 1100; x_wconf 90' lang='lat' dir='ltr'>constitui</span> <span class='ocrx_word' id='word_1_191' title='bbox 1700 1049 1816 1113; x_wconf 89' lang='lat' dir='ltr'>potuisse</span> <span class='ocrx_word' id='word_1_192' title='bbox 1831 1063 1849 1101; x_wconf 93' lang='lat' dir='ltr'>o</span> 
     </span>
     <span class='ocr_line' id='line_1_14' title="bbox 236 1107 1883 1185; baseline 0.004 -21"><span class='ocrx_word' id='word_1_193' title='bbox 236 1107 374 1168; x_wconf 72' lang='lat' dir='ltr'>telledum</span> <span class='ocrx_word' id='word_1_194' title='bbox 393 1124 466 1181; x_wconf 87' lang='lat' dir='ltr'>puto,</span> <span class='ocrx_word' id='word_1_195' title='bbox 485 1112 602 1168; x_wconf 83' lang='lat' dir='ltr'>maxime</span> <span class='ocrx_word' id='word_1_196' title='bbox 629 1126 689 1176; x_wconf 90' lang='lat' dir='ltr'>cum</span> <span class='ocrx_word' id='word_1_197' title='bbox 706 1110 913 1183; x_wconf 86' lang='lat' dir='ltr'>animadverto,</span> <span class='ocrx_word' id='word_1_198' title='bbox 937 1113 966 1170; x_wconf 92' lang='lat' dir='ltr'>in</span> <span class='ocrx_word' id='word_1_199' title='bbox 983 1112 1044 1170; x_wconf 88' lang='lat' dir='ltr'>aliis</span> <span class='ocrx_word' id='word_1_200' title='bbox 1074 1108 1157 1164; x_wconf 91' lang='lat' dir='ltr'>tinuit</span> <span class='ocrx_word' id='word_1_201' title='bbox 1196 1109 1311 1167; x_wconf 86' lang='lat' dir='ltr'>arbitrio</span> <span class='ocrx_word' id='word_1_202' title='bbox 1327 1114 1499 1171; x_wconf 88' lang='lat' dir='ltr'>concedentis</span> <span class='ocrx_word' id='word_1_203' title='bbox 1517 1113 1700 1185; x_wconf 88' lang='lat' dir='ltr'>revocandas,</span> <span class='ocrx_word' id='word_1_204' title='bbox 1717 1113 1737 1168; x_wconf 87' lang='lat' dir='ltr'>l.</span> <span class='ocrx_word' id='word_1_205' title='bbox 1755 1115 1838 1181; x_wconf 72' lang='lat' dir='ltr'>urbm</span> <span class='ocrx_word' id='word_1_206' title='bbox 1854 1109 1883 1170; x_wconf 81' lang='lat'>3.</span> 
     </span>
     <span class='ocr_line' id='line_1_15' title="bbox 220 1148 1882 1254; baseline 0.004 -22"><span class='ocrx_word' id='word_1_207' title='bbox 220 1196 342 1249; x_wconf 68' lang='lat' dir='ltr'>,quoque</span> <span class='ocrx_word' id='word_1_208' title='bbox 358 1177 422 1250; x_wconf 73' lang='lat' dir='ltr'>iuris</span> <span class='ocrx_word' id='word_1_209' title='bbox 440 1184 527 1236; x_wconf 89' lang='lat' dir='ltr'>nostri</span> <span class='ocrx_word' id='word_1_210' title='bbox 544 1177 665 1248; x_wconf 88' lang='lat' dir='ltr'>partibus</span> <span class='ocrx_word' id='word_1_211' title='bbox 683 1177 855 1242; x_wconf 80' lang='lat' dir='ltr'>difficultates</span> <span class='ocrx_word' id='word_1_212' title='bbox 873 1185 945 1239; x_wconf 90' lang='lat' dir='ltr'>circa</span> <span class='ocrx_word' id='word_1_213' title='bbox 962 1181 1044 1241; x_wconf 91' lang='lat' dir='ltr'>luris-</span> <span class='ocrx_word' id='word_1_214' title='bbox 1073 1177 1091 1232; x_wconf 84' lang='lat' dir='ltr'>l·</span> <span class='ocrx_word' id='word_1_215' title='bbox 1109 1175 1143 1239; x_wconf 66' lang='grc' dir='ltr'><strong>Θ</strong></span> <span class='ocrx_word' id='word_1_216' title='bbox 1160 1148 1239 1235; x_wconf 75' lang='lat' dir='ltr'>daber</span> <span class='ocrx_word' id='word_1_217' title='bbox 1261 1181 1301 1238; x_wconf 79' lang='lat'>15.</span> <span class='ocrx_word' id='word_1_218' title='bbox 1318 1178 1356 1248; x_wconf 72' lang='lat'>15.</span> <span class='ocrx_word' id='word_1_219' title='bbox 1373 1187 1498 1252; x_wconf 78' lang='lat' dir='ltr'>precario.</span> <span class='ocrx_word' id='word_1_220' title='bbox 1518 1179 1578 1240; x_wconf 82' lang='lat' dir='ltr'>Nec</span> <span class='ocrx_word' id='word_1_221' title='bbox 1594 1196 1644 1252; x_wconf 86' lang='lat' dir='ltr'>est,</span> <span class='ocrx_word' id='word_1_222' title='bbox 1662 1181 1732 1252; x_wconf 88' lang='lat' dir='ltr'>quod</span> <span class='ocrx_word' id='word_1_223' title='bbox 1749 1185 1882 1254; x_wconf 82' lang='lat' dir='ltr'>quiscum</span> 
     </span>
     <span class='ocr_line' id='line_1_16' title="bbox 237 1244 1885 1324; baseline 0.002 -18"><span class='ocrx_word' id='word_1_224' title='bbox 237 1245 424 1316; x_wconf 71' lang='lat' dir='ltr'>constiturum</span> <span class='ocrx_word' id='word_1_225' title='bbox 449 1266 572 1318; x_wconf 76' lang='lat' dir='ltr'>responsa</span> <span class='ocrx_word' id='word_1_226' title='bbox 598 1247 711 1311; x_wconf 85' lang='lat' dir='ltr'>subinde</span> <span class='ocrx_word' id='word_1_227' title='bbox 738 1267 793 1310; x_wconf 87' lang='lat' dir='ltr'>uon</span> <span class='ocrx_word' id='word_1_228' title='bbox 820 1249 900 1310; x_wconf 86' lang='lat' dir='ltr'>aliter</span> <span class='ocrx_word' id='word_1_229' title='bbox 923 1254 1044 1322; x_wconf 86' lang='lat' dir='ltr'>superari</span> <span class='ocrx_word' id='word_1_230' title='bbox 1072 1244 1142 1303; x_wconf 79' lang='lat' dir='ltr'>Ant.</span> <span class='ocrx_word' id='word_1_231' title='bbox 1160 1245 1250 1304; x_wconf 86' lang='lat' dir='ltr'>Fabro</span> <span class='ocrx_word' id='word_1_232' title='bbox 1267 1251 1376 1320; x_wconf 73' lang='lat' dir='ltr'>conyedi.</span> <span class='ocrx_word' id='word_1_233' title='bbox 1396 1249 1442 1308; x_wconf 79' lang='lat' dir='ltr'>lii.</span> <span class='ocrx_word' id='word_1_234' title='bbox 1465 1265 1505 1324; x_wconf 55' lang='grc' dir='ltr'>ις)</span> <span class='ocrx_word' id='word_1_235' title='bbox 1524 1267 1581 1320; x_wconf 77' lang='lat' dir='ltr'>cap.</span> <span class='ocrx_word' id='word_1_236' title='bbox 1602 1253 1665 1322; x_wconf 70' lang='lat' dir='ltr'>p&amp;</span> <span class='ocrx_word' id='word_1_237' title='bbox 1684 1249 1791 1310; x_wconf 87' lang='lat' dir='ltr'>Vinnio</span> <span class='ocrx_word' id='word_1_238' title='bbox 1808 1252 1885 1311; x_wconf 79' lang='lat' dir='ltr'>dlo-</span> 
     </span>
     <span class='ocr_line' id='line_1_17' title="bbox 236 1317 1887 1390; baseline 0.002 -14"><span class='ocrx_word' id='word_1_239' title='bbox 236 1335 330 1390; x_wconf 75' lang='lat' dir='ltr'>posse„</span> <span class='ocrx_word' id='word_1_240' title='bbox 349 1322 470 1389; x_wconf 87' lang='lat' dir='ltr'>quamsi</span> <span class='ocrx_word' id='word_1_241' title='bbox 487 1321 521 1379; x_wconf 88' lang='lat' dir='ltr'>de</span> <span class='ocrx_word' id='word_1_242' title='bbox 538 1317 711 1378; x_wconf 86' lang='lat' dir='ltr'>servitutibus</span> <span class='ocrx_word' id='word_1_243' title='bbox 729 1337 784 1376; x_wconf 91' lang='lat' dir='ltr'>non</span> <span class='ocrx_word' id='word_1_244' title='bbox 813 1323 967 1378; x_wconf 85' lang='lat' dir='ltr'>constitutis</span> <span class='ocrx_word' id='word_1_245' title='bbox 996 1324 1043 1380; x_wconf 88' lang='lat' dir='ltr'>sed</span> <span class='ocrx_word' id='word_1_246' title='bbox 1072 1336 1118 1386; x_wconf 83' lang='lat' dir='ltr'>co,</span> <span class='ocrx_word' id='word_1_247' title='bbox 1135 1319 1282 1390; x_wconf 83' lang='lat' dir='ltr'>existimet,</span> <span class='ocrx_word' id='word_1_248' title='bbox 1300 1322 1330 1375; x_wconf 90' lang='lat' dir='ltr'>in</span> <span class='ocrx_word' id='word_1_249' title='bbox 1348 1322 1454 1378; x_wconf 83' lang='lat' dir='ltr'>rusticis</span> <span class='ocrx_word' id='word_1_250' title='bbox 1469 1319 1533 1377; x_wconf 89' lang='lat' dir='ltr'>solis</span> <span class='ocrx_word' id='word_1_251' title='bbox 1549 1319 1723 1382; x_wconf 76' lang='lat' dir='ltr'>servitutibus</span> <span class='ocrx_word' id='word_1_252' title='bbox 1746 1321 1801 1380; x_wconf 71' lang='lat' dir='ltr'>hac</span> <span class='ocrx_word' id='word_1_253' title='bbox 1819 1341 1887 1382; x_wconf 87' lang='lat' dir='ltr'>vera</span> 
     </span>
     <span class='ocr_line' id='line_1_18' title="bbox 222 1387 1887 1468; baseline 0.001 -22"><span class='ocrx_word' id='word_1_254' title='bbox 222 1391 437 1468; x_wconf 71' lang='lat' dir='ltr'>‚constituendis</span> <span class='ocrx_word' id='word_1_255' title='bbox 453 1405 484 1446; x_wconf 90' lang='lat' dir='ltr'>ea</span> <span class='ocrx_word' id='word_1_256' title='bbox 503 1389 722 1457; x_wconf 80' lang='lat' dir='ltr'>interpretemur:</span> <span class='ocrx_word' id='word_1_257' title='bbox 741 1390 783 1450; x_wconf 93' lang='lat' dir='ltr'>uti</span> <span class='ocrx_word' id='word_1_258' title='bbox 800 1390 827 1448; x_wconf 87' lang='lat' dir='ltr'>ld</span> <span class='ocrx_word' id='word_1_259' title='bbox 844 1391 878 1450; x_wconf 87' lang='lat' dir='ltr'>de</span> <span class='ocrx_word' id='word_1_260' title='bbox 895 1389 1044 1449; x_wconf 84' lang='lat' dir='ltr'>habitatio·</span> <span class='ocrx_word' id='word_1_261' title='bbox 1072 1405 1146 1458; x_wconf 86' lang='lat' dir='ltr'>esse,</span> <span class='ocrx_word' id='word_1_262' title='bbox 1164 1387 1194 1443; x_wconf 88' lang='lat' dir='ltr'>in</span> <span class='ocrx_word' id='word_1_263' title='bbox 1213 1388 1323 1446; x_wconf 90' lang='lat' dir='ltr'>urbanis</span> <span class='ocrx_word' id='word_1_264' title='bbox 1340 1409 1397 1448; x_wconf 93' lang='lat' dir='ltr'>non</span> <span class='ocrx_word' id='word_1_265' title='bbox 1416 1393 1491 1462; x_wconf 87' lang='lat' dir='ltr'>item,</span> <span class='ocrx_word' id='word_1_266' title='bbox 1500 1391 1562 1459; x_wconf 92' lang='lat' dir='ltr'>quia</span> <span class='ocrx_word' id='word_1_267' title='bbox 1580 1392 1609 1446; x_wconf 92' lang='lat' dir='ltr'>in</span> <span class='ocrx_word' id='word_1_268' title='bbox 1628 1393 1655 1450; x_wconf 90' lang='lat' dir='ltr'>d.</span> <span class='ocrx_word' id='word_1_269' title='bbox 1675 1389 1694 1446; x_wconf 92' lang='lat' dir='ltr'>l.</span> <span class='ocrx_word' id='word_1_270' title='bbox 1717 1408 1756 1447; x_wconf 87' lang='lat' dir='ltr'>ra.</span> <span class='ocrx_word' id='word_1_271' title='bbox 1774 1405 1887 1450; x_wconf 87' lang='lat' dir='ltr'>tantum</span> 
     </span>
     <span class='ocr_line' id='line_1_19' title="bbox 237 1457 1885 1530; baseline 0.001 -14"><span class='ocrx_word' id='word_1_272' title='bbox 237 1475 273 1525; x_wconf 79' lang='lat' dir='ltr'>ne</span> <span class='ocrx_word' id='word_1_273' title='bbox 291 1475 347 1527; x_wconf 75' lang='lat' dir='ltr'>ram</span> <span class='ocrx_word' id='word_1_274' title='bbox 363 1476 379 1518; x_wconf 80' lang='lat' dir='ltr'>a</span> <span class='ocrx_word' id='word_1_275' title='bbox 397 1475 440 1521; x_wconf 77' lang='lat' dir='ltr'>tate</span> <span class='ocrx_word' id='word_1_276' title='bbox 456 1459 671 1518; x_wconf 86' lang='lat' dir='ltr'>demonstratum</span> <span class='ocrx_word' id='word_1_277' title='bbox 688 1462 732 1515; x_wconf 83' lang='lat' dir='ltr'>rit.</span> <span class='ocrx_word' id='word_1_278' title='bbox 750 1457 783 1514; x_wconf 82' lang='lat' dir='ltr'>de</span> <span class='ocrx_word' id='word_1_279' title='bbox 799 1481 849 1516; x_wconf 80' lang='lat' dir='ltr'>usu</span> <span class='ocrx_word' id='word_1_280' title='bbox 866 1457 900 1522; x_wconf 68' lang='lat'>&lt;¹5</span> <span class='ocrx_word' id='word_1_281' title='bbox 918 1460 1043 1518; x_wconf 77' lang='lat' dir='ltr'>babinae</span> <span class='ocrx_word' id='word_1_282' title='bbox 1073 1460 1234 1514; x_wconf 88' lang='lat' dir='ltr'>rusticarum</span> <span class='ocrx_word' id='word_1_283' title='bbox 1250 1459 1369 1530; x_wconf 81' lang='lat' dir='ltr'>exempla</span> <span class='ocrx_word' id='word_1_284' title='bbox 1389 1457 1486 1517; x_wconf 88' lang='lat' dir='ltr'>Paulus</span> <span class='ocrx_word' id='word_1_285' title='bbox 1503 1463 1685 1528; x_wconf 67' lang='lat' dir='ltr'>recensus—dr</span> <span class='ocrx_word' id='word_1_286' title='bbox 1704 1462 1823 1529; x_wconf 71' lang='lat' dir='ltr'>quadam</span> <span class='ocrx_word' id='word_1_287' title='bbox 1838 1463 1885 1518; x_wconf 89' lang='lat' dir='ltr'>in-</span> 
     </span>
     <span class='ocr_line' id='line_1_20' title="bbox 237 1525 1888 1602; baseline 0.003 -21"><span class='ocrx_word' id='word_1_288' title='bbox 237 1533 266 1587; x_wconf 84' lang='lat' dir='ltr'>in</span> <span class='ocrx_word' id='word_1_289' title='bbox 284 1529 448 1602; x_wconf 65' lang='lat' dir='ltr'>quastione,</span> <span class='ocrx_word' id='word_1_290' title='bbox 465 1541 557 1588; x_wconf 88' lang='lat' dir='ltr'>utrum</span> <span class='ocrx_word' id='word_1_291' title='bbox 573 1534 714 1590; x_wconf 82' lang='lat' dir='ltr'>servitutes</span> <span class='ocrx_word' id='word_1_292' title='bbox 730 1528 863 1596; x_wconf 79' lang='lat' dir='ltr'>pradiales</span> <span class='ocrx_word' id='word_1_293' title='bbox 881 1537 986 1602; x_wconf 83' lang='lat' dir='ltr'>pignori</span> <span class='ocrx_word' id='word_1_294' title='bbox 994 1533 1043 1590; x_wconf 75' lang='lat' dir='ltr'>da·</span> <span class='ocrx_word' id='word_1_295' title='bbox 1072 1540 1114 1582; x_wconf 90' lang='lat' dir='ltr'>ter</span> <span class='ocrx_word' id='word_1_296' title='bbox 1132 1525 1250 1584; x_wconf 88' lang='lat' dir='ltr'>urbanas</span> <span class='ocrx_word' id='word_1_297' title='bbox 1265 1545 1296 1586; x_wconf 85' lang='lat' dir='ltr'>sc</span> <span class='ocrx_word' id='word_1_298' title='bbox 1315 1530 1427 1586; x_wconf 87' lang='lat' dir='ltr'>rusticas</span> <span class='ocrx_word' id='word_1_299' title='bbox 1444 1529 1504 1586; x_wconf 92' lang='lat' dir='ltr'>dari</span> <span class='ocrx_word' id='word_1_300' title='bbox 1523 1547 1596 1597; x_wconf 86' lang='lat' dir='ltr'>posse</span> <span class='ocrx_word' id='word_1_301' title='bbox 1620 1531 1728 1590; x_wconf 87' lang='lat' dir='ltr'>videtur</span> <span class='ocrx_word' id='word_1_302' title='bbox 1754 1536 1824 1588; x_wconf 86' lang='lat' dir='ltr'>ratio</span> <span class='ocrx_word' id='word_1_303' title='bbox 1841 1533 1888 1590; x_wconf 85' lang='lat' dir='ltr'>di-</span> 
     </span>
     <span class='ocr_line' id='line_1_21' title="bbox 237 1594 1885 1723; baseline 0.002 -69"><span class='ocrx_word' id='word_1_304' title='bbox 237 1602 262 1654; x_wconf 87' lang='lat' dir='ltr'>ri</span> <span class='ocrx_word' id='word_1_305' title='bbox 272 1599 383 1723; x_wconf 52' lang='lat' dir='ltr'>fpossint,</span> <span class='ocrx_word' id='word_1_306' title='bbox 402 1597 447 1658; x_wconf 88' lang='lat' dir='ltr'>hic</span> <span class='ocrx_word' id='word_1_307' title='bbox 464 1595 662 1668; x_wconf 70' lang='lat' dir='ltr'>subnetlenda,</span> <span class='ocrx_word' id='word_1_308' title='bbox 679 1594 805 1654; x_wconf 89' lang='lat' dir='ltr'>similiter·</span> <span class='ocrx_word' id='word_1_309' title='bbox 823 1613 959 1669; x_wconf 80' lang='lat' dir='ltr'>patescet.</span> <span class='ocrx_word' id='word_1_310' title='bbox 1074 1599 1225 1654; x_wconf 88' lang='lat' dir='ltr'>versitatis.</span> <span class='ocrx_word' id='word_1_311' title='bbox 1243 1597 1350 1655; x_wconf 85' lang='lat' dir='ltr'>Contra</span> <span class='ocrx_word' id='word_1_312' title='bbox 1367 1601 1451 1670; x_wconf 91' lang='lat' dir='ltr'>enim,</span> <span class='ocrx_word' id='word_1_313' title='bbox 1469 1601 1492 1655; x_wconf 90' lang='lat' dir='ltr'>si</span> <span class='ocrx_word' id='word_1_314' title='bbox 1510 1603 1624 1656; x_wconf 88' lang='lat' dir='ltr'>certiora</span> <span class='ocrx_word' id='word_1_315' title='bbox 1642 1612 1791 1668; x_wconf 83' lang='lat' dir='ltr'>scrutemur</span> <span class='ocrx_word' id='word_1_316' title='bbox 1807 1605 1885 1671; x_wconf 89' lang='lat' dir='ltr'>prin·</span> 
     </span>
     <span class='ocr_line' id='line_1_22' title="bbox 290 1664 1886 1742; baseline 0.004 -20"><span class='ocrx_word' id='word_1_317' title='bbox 290 1709 298 1722; x_wconf 93' lang='lat'>.</span> <span class='ocrx_word' id='word_1_318' title='bbox 316 1664 412 1738; x_wconf 88' lang='lat' dir='ltr'>Neque</span> <span class='ocrx_word' id='word_1_319' title='bbox 427 1669 505 1728; x_wconf 84' lang='lat' dir='ltr'>enim</span> <span class='ocrx_word' id='word_1_320' title='bbox 520 1683 638 1739; x_wconf 90' lang='lat' dir='ltr'>unquam</span> <span class='ocrx_word' id='word_1_321' title='bbox 655 1667 835 1725; x_wconf 86' lang='lat' dir='ltr'>dubitandum</span> <span class='ocrx_word' id='word_1_322' title='bbox 844 1673 955 1742; x_wconf 83' lang='lat' dir='ltr'>censui,</span> <span class='ocrx_word' id='word_1_323' title='bbox 976 1671 1042 1738; x_wconf 88' lang='lat' dir='ltr'>quin</span> <span class='ocrx_word' id='word_1_324' title='bbox 1071 1668 1153 1737; x_wconf 88' lang='lat' dir='ltr'>cipia,</span> <span class='ocrx_word' id='word_1_325' title='bbox 1170 1681 1261 1734; x_wconf 86' lang='lat' dir='ltr'>parem</span> <span class='ocrx_word' id='word_1_326' title='bbox 1277 1666 1419 1738; x_wconf 85' lang='lat' dir='ltr'>utrobique</span> <span class='ocrx_word' id='word_1_327' title='bbox 1434 1685 1541 1726; x_wconf 89' lang='lat' dir='ltr'>causam</span> <span class='ocrx_word' id='word_1_328' title='bbox 1557 1666 1803 1738; x_wconf 79' lang='lat' dir='ltr'>deprehendemus:</span> <span class='ocrx_word' id='word_1_329' title='bbox 1819 1685 1886 1729; x_wconf 87' lang='lat' dir='ltr'>cum</span> 
     </span>
     <span class='ocr_line' id='line_1_23' title="bbox 235 1735 1887 1810; baseline 0.002 -16"><span class='ocrx_word' id='word_1_330' title='bbox 235 1737 399 1794; x_wconf 85' lang='lat' dir='ltr'>servitutum</span> <span class='ocrx_word' id='word_1_331' title='bbox 416 1736 580 1802; x_wconf 88' lang='lat' dir='ltr'>urbanarum</span> <span class='ocrx_word' id='word_1_332' title='bbox 606 1756 637 1795; x_wconf 89' lang='lat' dir='ltr'>ac</span> <span class='ocrx_word' id='word_1_333' title='bbox 665 1737 821 1796; x_wconf 78' lang='lat' dir='ltr'>rtuticarum</span> <span class='ocrx_word' id='word_1_334' title='bbox 849 1735 914 1796; x_wconf 85' lang='lat' dir='ltr'>illud</span> <span class='ocrx_word' id='word_1_335' title='bbox 942 1757 1044 1809; x_wconf 81' lang='lat' dir='ltr'>quoque</span> <span class='ocrx_word' id='word_1_336' title='bbox 1073 1753 1157 1804; x_wconf 89' lang='lat' dir='ltr'>neque</span> <span class='ocrx_word' id='word_1_337' title='bbox 1174 1737 1264 1792; x_wconf 86' lang='lat' dir='ltr'>minor</span> <span class='ocrx_word' id='word_1_338' title='bbox 1281 1738 1311 1794; x_wconf 91' lang='lat' dir='ltr'>in</span> <span class='ocrx_word' id='word_1_339' title='bbox 1329 1737 1441 1794; x_wconf 89' lang='lat' dir='ltr'>urbanis</span> <span class='ocrx_word' id='word_1_340' title='bbox 1448 1755 1538 1807; x_wconf 81' lang='lat' dir='ltr'>quarn</span> <span class='ocrx_word' id='word_1_341' title='bbox 1556 1741 1661 1796; x_wconf 85' lang='lat' dir='ltr'>rusticis</span> <span class='ocrx_word' id='word_1_342' title='bbox 1679 1737 1887 1810; x_wconf 81' lang='lat' dir='ltr'>utilitas,adeo-</span> 
     </span>
     <span class='ocr_line' id='line_1_24' title="bbox 234 1805 1887 1881; baseline 0.002 -17"><span class='ocrx_word' id='word_1_343' title='bbox 234 1822 379 1872; x_wconf 84' lang='lat' dir='ltr'>commune</span> <span class='ocrx_word' id='word_1_344' title='bbox 396 1805 496 1878; x_wconf 84' lang='lat' dir='ltr'>suerit,</span> <span class='ocrx_word' id='word_1_345' title='bbox 521 1806 610 1876; x_wconf 79' lang='lat' dir='ltr'>quod,</span> <span class='ocrx_word' id='word_1_346' title='bbox 637 1805 700 1866; x_wconf 90' lang='lat' dir='ltr'>licet</span> <span class='ocrx_word' id='word_1_347' title='bbox 718 1819 836 1876; x_wconf 79' lang='lat' dir='ltr'>utraque</span> <span class='ocrx_word' id='word_1_348' title='bbox 859 1809 965 1880; x_wconf 89' lang='lat' dir='ltr'>quidem</span> <span class='ocrx_word' id='word_1_349' title='bbox 990 1805 1043 1876; x_wconf 79' lang='lat' dir='ltr'>ianr</span> <span class='ocrx_word' id='word_1_350' title='bbox 1072 1825 1123 1878; x_wconf 86' lang='lat' dir='ltr'>que</span> <span class='ocrx_word' id='word_1_351' title='bbox 1140 1805 1223 1861; x_wconf 89' lang='lat' dir='ltr'>etiam</span> <span class='ocrx_word' id='word_1_352' title='bbox 1240 1807 1369 1864; x_wconf 84' lang='lat' dir='ltr'>securitas</span> <span class='ocrx_word' id='word_1_353' title='bbox 1385 1813 1440 1876; x_wconf 87' lang='lat' dir='ltr'>sit,</span> <span class='ocrx_word' id='word_1_354' title='bbox 1467 1813 1568 1876; x_wconf 89' lang='lat' dir='ltr'>quoties</span> <span class='ocrx_word' id='word_1_355' title='bbox 1593 1808 1726 1866; x_wconf 87' lang='lat' dir='ltr'>creditori</span> <span class='ocrx_word' id='word_1_356' title='bbox 1753 1814 1887 1881; x_wconf 75' lang='lat' dir='ltr'>predium</span> 
     </span>
     <span class='ocr_line' id='line_1_25' title="bbox 234 1871 1883 1950; baseline 0.001 -17"><span class='ocrx_word' id='word_1_357' title='bbox 234 1878 390 1933; x_wconf 84' lang='lat' dir='ltr'>constituta</span> <span class='ocrx_word' id='word_1_358' title='bbox 409 1893 542 1940; x_wconf 88' lang='lat' dir='ltr'>unacum</span> <span class='ocrx_word' id='word_1_359' title='bbox 561 1876 682 1946; x_wconf 77' lang='lat' dir='ltr'>prediis,</span> <span class='ocrx_word' id='word_1_360' title='bbox 700 1876 874 1938; x_wconf 84' lang='lat' dir='ltr'>utvendi&amp;</span> <span class='ocrx_word' id='word_1_361' title='bbox 893 1875 985 1950; x_wconf 80' lang='lat' dir='ltr'>legari,</span> <span class='ocrx_word' id='word_1_362' title='bbox 1004 1880 1043 1935; x_wconf 90' lang='lat' dir='ltr'>ita</span> <span class='ocrx_word' id='word_1_363' title='bbox 1073 1877 1192 1931; x_wconf 69' lang='lat' dir='ltr'>vicinum</span> <span class='ocrx_word' id='word_1_364' title='bbox 1211 1871 1325 1934; x_wconf 89' lang='lat' dir='ltr'>habenti</span> <span class='ocrx_word' id='word_1_365' title='bbox 1342 1881 1563 1948; x_wconf 87' lang='lat' dir='ltr'>constituuntur,</span> <span class='ocrx_word' id='word_1_366' title='bbox 1590 1897 1637 1948; x_wconf 87' lang='lat' dir='ltr'>per</span> <span class='ocrx_word' id='word_1_367' title='bbox 1662 1879 1778 1938; x_wconf 85' lang='lat' dir='ltr'>eundern</span> <span class='ocrx_word' id='word_1_368' title='bbox 1804 1897 1883 1938; x_wconf 79' lang='lat' dir='ltr'>exer-</span> 
     </span>
     <span class='ocr_line' id='line_1_26' title="bbox 235 1943 1885 2020; baseline 0.002 -18"><span class='ocrx_word' id='word_1_369' title='bbox 235 1963 338 2019; x_wconf 83' lang='lat' dir='ltr'>qtmque</span> <span class='ocrx_word' id='word_1_370' title='bbox 355 1949 463 2020; x_wconf 79' lang='lat' dir='ltr'>pignori</span> <span class='ocrx_word' id='word_1_371' title='bbox 480 1947 541 2004; x_wconf 90' lang='lat' dir='ltr'>dari</span> <span class='ocrx_word' id='word_1_372' title='bbox 559 1946 715 2014; x_wconf 88' lang='lat' dir='ltr'>potuerint,</span> <span class='ocrx_word' id='word_1_373' title='bbox 743 1961 844 2006; x_wconf 80' lang='lat' dir='ltr'>neutra</span> <span class='ocrx_word' id='word_1_374' title='bbox 861 1960 953 2006; x_wconf 90' lang='lat' dir='ltr'>tamen</span> <span class='ocrx_word' id='word_1_375' title='bbox 971 1965 1043 2006; x_wconf 89' lang='lat' dir='ltr'>seor-</span> <span class='ocrx_word' id='word_1_376' title='bbox 1072 1944 1161 2004; x_wconf 83' lang='lat' dir='ltr'>cende</span> <span class='ocrx_word' id='word_1_377' title='bbox 1179 1943 1265 2002; x_wconf 89' lang='lat' dir='ltr'>donec</span> <span class='ocrx_word' id='word_1_378' title='bbox 1282 1944 1403 2003; x_wconf 88' lang='lat' dir='ltr'>debitum</span> <span class='ocrx_word' id='word_1_379' title='bbox 1420 1945 1574 2005; x_wconf 86' lang='lat' dir='ltr'>exsolutum</span> <span class='ocrx_word' id='word_1_380' title='bbox 1590 1951 1645 2017; x_wconf 85' lang='lat' dir='ltr'>sit,</span> <span class='ocrx_word' id='word_1_381' title='bbox 1673 1965 1706 2005; x_wconf 85' lang='lat' dir='ltr'>ac</span> <span class='ocrx_word' id='word_1_382' title='bbox 1724 1947 1761 2004; x_wconf 89' lang='lat' dir='ltr'>nb</span> <span class='ocrx_word' id='word_1_383' title='bbox 1777 1967 1885 2006; x_wconf 87' lang='lat' dir='ltr'>moram</span> 
     </span>
     <span class='ocr_line' id='line_1_27' title="bbox 233 2014 1887 2089; baseline 0.002 -17"><span class='ocrx_word' id='word_1_384' title='bbox 233 2017 287 2074; x_wconf 87' lang='lat' dir='ltr'>sim</span> <span class='ocrx_word' id='word_1_385' title='bbox 306 2018 365 2072; x_wconf 89' lang='lat' dir='ltr'>sine</span> <span class='ocrx_word' id='word_1_386' title='bbox 383 2017 489 2084; x_wconf 70' lang='lat' dir='ltr'>prediis</span> <span class='ocrx_word' id='word_1_387' title='bbox 505 2014 590 2076; x_wconf 87' lang='lat' dir='ltr'>ullam</span> <span class='ocrx_word' id='word_1_388' title='bbox 608 2022 756 2085; x_wconf 86' lang='lat' dir='ltr'>receperint</span> <span class='ocrx_word' id='word_1_389' title='bbox 773 2015 1042 2089; x_wconf 65' lang='lat' dir='ltr'>pigrescamus</span> <span class='ocrx_word' id='word_1_390' title='bbox 1070 2014 1199 2072; x_wconf 84' lang='lat' dir='ltr'>debitoris</span> <span class='ocrx_word' id='word_1_391' title='bbox 1217 2030 1349 2072; x_wconf 87' lang='lat' dir='ltr'>unacum</span> <span class='ocrx_word' id='word_1_392' title='bbox 1369 2017 1474 2084; x_wconf 76' lang='lat' dir='ltr'>praedio·</span> <span class='ocrx_word' id='word_1_393' title='bbox 1492 2017 1652 2075; x_wconf 85' lang='lat' dir='ltr'>dominante</span> <span class='ocrx_word' id='word_1_394' title='bbox 1681 2015 1887 2088; x_wconf 50' lang='lat' dir='ltr'>distrahendam</span> 
     </span>
     <span class='ocr_line' id='line_1_28' title="bbox 229 2082 1884 2158; baseline 0.003 -16"><span class='ocrx_word' id='word_1_395' title='bbox 229 2087 356 2155; x_wconf 80' lang='lat' dir='ltr'>¹quamvis</span> <span class='ocrx_word' id='word_1_396' title='bbox 374 2083 534 2142; x_wconf 87' lang='lat' dir='ltr'>Marcianus</span> <span class='ocrx_word' id='word_1_397' title='bbox 557 2082 722 2146; x_wconf 84' lang='lat' dir='ltr'>urbanarum</span> <span class='ocrx_word' id='word_1_398' title='bbox 748 2097 857 2146; x_wconf 90' lang='lat' dir='ltr'>tantum</span> <span class='ocrx_word' id='word_1_399' title='bbox 881 2093 1043 2146; x_wconf 88' lang='lat' dir='ltr'>servitutum</span> <span class='ocrx_word' id='word_1_400' title='bbox 1073 2093 1157 2156; x_wconf 85' lang='lat' dir='ltr'>neque</span> <span class='ocrx_word' id='word_1_401' title='bbox 1174 2087 1259 2154; x_wconf 80' lang='lat' dir='ltr'>magis</span> <span class='ocrx_word' id='word_1_402' title='bbox 1275 2086 1381 2145; x_wconf 69' lang='lat' dir='ltr'>rumice</span> <span class='ocrx_word' id='word_1_403' title='bbox 1398 2102 1480 2156; x_wconf 85' lang='lat' dir='ltr'>quarn</span> <span class='ocrx_word' id='word_1_404' title='bbox 1502 2085 1612 2146; x_wconf 77' lang='lat' dir='ltr'>urbana</span> <span class='ocrx_word' id='word_1_405' title='bbox 1639 2093 1835 2158; x_wconf 84' lang='lat' dir='ltr'>separationem</span> <span class='ocrx_word' id='word_1_406' title='bbox 1865 2109 1884 2147; x_wconf 87' lang='lat' dir='ltr'>a</span> 
     </span>
     <span class='ocr_line' id='line_1_29' title="bbox 235 2153 1886 2230; baseline 0.002 -17"><span class='ocrx_word' id='word_1_407' title='bbox 235 2157 407 2226; x_wconf 81' lang='lat' dir='ltr'>meminerit,</span> <span class='ocrx_word' id='word_1_408' title='bbox 422 2155 489 2214; x_wconf 91' lang='lat' dir='ltr'>dum</span> <span class='ocrx_word' id='word_1_409' title='bbox 507 2156 565 2227; x_wconf 86' lang='lat' dir='ltr'>ait,</span> <span class='ocrx_word' id='word_1_410' title='bbox 577 2154 807 2228; x_wconf 73' lang='lat' dir='ltr'>jurapraediorum</span> <span class='ocrx_word' id='word_1_411' title='bbox 824 2155 987 2217; x_wconf 67' lang='lat' dir='ltr'>urbanorum</span> <span class='ocrx_word' id='word_1_412' title='bbox 1001 2161 1042 2230; x_wconf 83' lang='lat' dir='ltr'>pi-</span> <span class='ocrx_word' id='word_1_413' title='bbox 1071 2153 1169 2222; x_wconf 76' lang='lat' dir='ltr'>pradio</span> <span class='ocrx_word' id='word_1_414' title='bbox 1204 2155 1249 2210; x_wconf 90' lang='lat' dir='ltr'>cui</span> <span class='ocrx_word' id='word_1_415' title='bbox 1266 2156 1438 2226; x_wconf 83' lang='lat' dir='ltr'>constitutae,</span> <span class='ocrx_word' id='word_1_416' title='bbox 1456 2157 1597 2228; x_wconf 88' lang='lat' dir='ltr'>recipiant,</span> <span class='ocrx_word' id='word_1_417' title='bbox 1614 2168 1661 2212; x_wconf 87' lang='lat' dir='ltr'>aut</span> <span class='ocrx_word' id='word_1_418' title='bbox 1680 2164 1886 2219; x_wconf 85' lang='lat' dir='ltr'>concessionem</span> 
     </span>
     <span class='ocr_line' id='line_1_30' title="bbox 231 2194 1984 2304; baseline 0.002 -24"><span class='ocrx_word' id='word_1_419' title='bbox 231 2225 386 2304; x_wconf 68' lang='lat' dir='ltr'>gravidari</span> <span class='ocrx_word' id='word_1_420' title='bbox 403 2245 455 2280; x_wconf 81' lang='lat' dir='ltr'>non</span> <span class='ocrx_word' id='word_1_421' title='bbox 470 2239 594 2296; x_wconf 74' lang='lat' dir='ltr'>porrum,</span> <span class='ocrx_word' id='word_1_422' title='bbox 612 2227 691 2302; x_wconf 79' lang='lat' dir='ltr'>igitm</span> <span class='ocrx_word' id='word_1_423' title='bbox 708 2245 755 2282; x_wconf 79' lang='lat' dir='ltr'>ner</span> <span class='ocrx_word' id='word_1_424' title='bbox 781 2229 915 2284; x_wconf 75' lang='lat' dir='ltr'>convenire</span> <span class='ocrx_word' id='word_1_425' title='bbox 938 2241 1043 2296; x_wconf 73' lang='lat' dir='ltr'>possunt</span> <span class='ocrx_word' id='word_1_426' title='bbox 1071 2224 1156 2280; x_wconf 88' lang='lat' dir='ltr'>tertio</span> <span class='ocrx_word' id='word_1_427' title='bbox 1174 2194 1328 2280; x_wconf 59' lang='lat' dir='ltr'>faciendam</span> <span class='ocrx_word' id='word_1_428' title='bbox 1344 2223 1414 2282; x_wconf 88' lang='lat' dir='ltr'>ultra</span> <span class='ocrx_word' id='word_1_429' title='bbox 1432 2227 1524 2294; x_wconf 80' lang='lat' dir='ltr'>praedu</span> <span class='ocrx_word' id='word_1_430' title='bbox 1541 2227 1706 2284; x_wconf 87' lang='lat' dir='ltr'>dominantis</span> <span class='ocrx_word' id='word_1_431' title='bbox 1724 2225 1883 2296; x_wconf 71' lang='lat' dir='ltr'>utilitateme</span> <span class='ocrx_word' id='word_1_432' title='bbox 1981 2237 1984 2242; x_wconf 77' lang='grc'><strong><em>’</em></strong></span> 
     </span>
     <span class='ocr_line' id='line_1_31' title="bbox 224 2292 1884 2372; baseline 0.004 -23"><span class='ocrx_word' id='word_1_433' title='bbox 224 2310 265 2350; x_wconf 69' lang='lat' dir='ltr'>aar</span> <span class='ocrx_word' id='word_1_434' title='bbox 284 2293 424 2364; x_wconf 57' lang='lat' dir='ltr'>hypotheca</span> <span class='ocrx_word' id='word_1_435' title='bbox 442 2298 511 2367; x_wconf 79' lang='lat' dir='ltr'>sint,</span> <span class='ocrx_word' id='word_1_436' title='bbox 528 2295 546 2350; x_wconf 90' lang='lat' dir='ltr'>l.</span> <span class='ocrx_word' id='word_1_437' title='bbox 564 2299 588 2351; x_wconf 87' lang='lat' dir='ltr'>ri</span> <span class='ocrx_word' id='word_1_438' title='bbox 605 2297 647 2366; x_wconf 81' lang='lat' dir='ltr'>ir,</span> <span class='ocrx_word' id='word_1_439' title='bbox 664 2298 709 2368; x_wconf 81' lang='lat' dir='ltr'>qui</span> <span class='ocrx_word' id='word_1_440' title='bbox 724 2293 793 2352; x_wconf 80' lang='lat' dir='ltr'>bona</span> <span class='ocrx_word' id='word_1_441' title='bbox 816 2313 855 2352; x_wconf 87' lang='lat' dir='ltr'>rr.</span> <span class='ocrx_word' id='word_1_442' title='bbox 877 2292 904 2372; x_wconf 92' lang='lat'>5.</span> <span class='ocrx_word' id='word_1_443' title='bbox 932 2297 981 2355; x_wconf 71' lang='grc' dir='ltr'>αθ.</span> <span class='ocrx_word' id='word_1_444' title='bbox 1001 2297 1040 2372; x_wconf 83' lang='lat' dir='ltr'>ff.</span> <span class='ocrx_word' id='word_1_445' title='bbox 1073 2292 1146 2352; x_wconf 86' lang='lat' dir='ltr'>nulla</span> <span class='ocrx_word' id='word_1_446' title='bbox 1164 2293 1279 2364; x_wconf 88' lang='lat' dir='ltr'>denique</span> <span class='ocrx_word' id='word_1_447' title='bbox 1296 2297 1368 2352; x_wconf 92' lang='lat' dir='ltr'>ratio</span> <span class='ocrx_word' id='word_1_448' title='bbox 1386 2294 1461 2354; x_wconf 84' lang='lat' dir='ltr'>reddi</span> <span class='ocrx_word' id='word_1_449' title='bbox 1479 2296 1572 2366; x_wconf 84' lang='lat' dir='ltr'>possit,</span> <span class='ocrx_word' id='word_1_450' title='bbox 1591 2313 1638 2352; x_wconf 89' lang='lat' dir='ltr'>cur</span> <span class='ocrx_word' id='word_1_451' title='bbox 1657 2301 1747 2354; x_wconf 89' lang='lat' dir='ltr'>minus</span> <span class='ocrx_word' id='word_1_452' title='bbox 1763 2311 1884 2369; x_wconf 81' lang='lat' dir='ltr'>utraque</span> 
     </span>
     <span class='ocr_line' id='line_1_32' title="bbox 223 2361 1886 2440; baseline 0 -16"><span class='ocrx_word' id='word_1_453' title='bbox 223 2361 266 2424; x_wconf 61' lang='lat' dir='ltr'>Aa</span> <span class='ocrx_word' id='word_1_454' title='bbox 281 2365 431 2440; x_wconf 59' lang='lat' dir='ltr'>pirron&amp;-</span> <span class='ocrx_word' id='word_1_455' title='bbox 445 2364 544 2434; x_wconf 80' lang='lat' dir='ltr'>hypotb.</span> <span class='ocrx_word' id='word_1_456' title='bbox 565 2367 725 2423; x_wconf 83' lang='lat' dir='ltr'>rusticanam</span> <span class='ocrx_word' id='word_1_457' title='bbox 747 2378 838 2424; x_wconf 90' lang='lat' dir='ltr'>tamen</span> <span class='ocrx_word' id='word_1_458' title='bbox 863 2382 925 2426; x_wconf 89' lang='lat' dir='ltr'>cum</span> <span class='ocrx_word' id='word_1_459' title='bbox 949 2366 1042 2430; x_wconf 73' lang='lat' dir='ltr'>eadem</span> <span class='ocrx_word' id='word_1_460' title='bbox 1061 2368 1099 2419; x_wconf 54' lang='lat' dir='ltr'>‘in</span> <span class='ocrx_word' id='word_1_461' title='bbox 1119 2365 1287 2427; x_wconf 78' lang='lat' dir='ltr'>securitatem</span> <span class='ocrx_word' id='word_1_462' title='bbox 1304 2363 1401 2422; x_wconf 87' lang='lat' dir='ltr'>crediti</span> <span class='ocrx_word' id='word_1_463' title='bbox 1418 2367 1452 2424; x_wconf 88' lang='lat' dir='ltr'>ad</span> <span class='ocrx_word' id='word_1_464' title='bbox 1470 2378 1574 2434; x_wconf 87' lang='lat' dir='ltr'>tempus</span> <span class='ocrx_word' id='word_1_465' title='bbox 1597 2367 1728 2423; x_wconf 88' lang='lat' dir='ltr'>constitui</span> <span class='ocrx_word' id='word_1_466' title='bbox 1754 2382 1886 2438; x_wconf 85' lang='lat' dir='ltr'>possent,</span> 
     </span>
     <span class='ocr_line' id='line_1_33' title="bbox 234 2429 1882 2522; baseline 0.001 -30"><span class='ocrx_word' id='word_1_467' title='bbox 234 2433 271 2492; x_wconf 85' lang='lat' dir='ltr'>sit</span> <span class='ocrx_word' id='word_1_468' title='bbox 289 2435 380 2507; x_wconf 88' lang='lat' dir='ltr'>ratio,</span> <span class='ocrx_word' id='word_1_469' title='bbox 397 2436 520 2510; x_wconf 62' lang='lat' dir='ltr'>idemjis</span> <span class='ocrx_word' id='word_1_470' title='bbox 537 2451 641 2506; x_wconf 88' lang='lat' dir='ltr'>quoque</span> <span class='ocrx_word' id='word_1_471' title='bbox 657 2429 696 2505; x_wconf 83' lang='lat' dir='ltr'>jus</span> <span class='ocrx_word' id='word_1_472' title='bbox 713 2434 887 2494; x_wconf 87' lang='lat' dir='ltr'>statuendum</span> <span class='ocrx_word' id='word_1_473' title='bbox 896 2448 946 2500; x_wconf 80' lang='lat' dir='ltr'>ert.</span> <span class='ocrx_word' id='word_1_474' title='bbox 960 2435 1042 2522; x_wconf 73' lang='lat' dir='ltr'>Quod</span> <span class='ocrx_word' id='word_1_475' title='bbox 1071 2448 1151 2504; x_wconf 85' lang='lat' dir='ltr'>quatu</span> <span class='ocrx_word' id='word_1_476' title='bbox 1169 2433 1289 2502; x_wconf 88' lang='lat' dir='ltr'>precario</span> <span class='ocrx_word' id='word_1_477' title='bbox 1306 2435 1437 2502; x_wconf 83' lang='lat' dir='ltr'>concedi3</span> <span class='ocrx_word' id='word_1_478' title='bbox 1468 2451 1533 2490; x_wconf 87' lang='lat' dir='ltr'>nam</span> <span class='ocrx_word' id='word_1_479' title='bbox 1550 2435 1579 2490; x_wconf 90' lang='lat' dir='ltr'>in</span> <span class='ocrx_word' id='word_1_480' title='bbox 1598 2439 1716 2508; x_wconf 88' lang='lat' dir='ltr'>utrisque</span> <span class='ocrx_word' id='word_1_481' title='bbox 1734 2441 1882 2504; x_wconf 89' lang='lat' dir='ltr'>precarium</span> 
     </span>
     <span class='ocr_line' id='line_1_34' title="bbox 232 2501 1883 2578; baseline 0 -16"><span class='ocrx_word' id='word_1_482' title='bbox 232 2501 308 2568; x_wconf 76' lang='lat' dir='ltr'>enlm</span> <span class='ocrx_word' id='word_1_483' title='bbox 325 2504 464 2564; x_wconf 86' lang='lat' dir='ltr'>vinculum</span> <span class='ocrx_word' id='word_1_484' title='bbox 482 2509 601 2578; x_wconf 86' lang='lat' dir='ltr'>pignoris</span> <span class='ocrx_word' id='word_1_485' title='bbox 632 2503 707 2566; x_wconf 73' lang='lat' dir='ltr'>harri</span> <span class='ocrx_word' id='word_1_486' title='bbox 730 2503 895 2577; x_wconf 69' lang='lat' dir='ltr'>admittant,</span> <span class='ocrx_word' id='word_1_487' title='bbox 923 2506 951 2566; x_wconf 87' lang='lat' dir='ltr'>id</span> <span class='ocrx_word' id='word_1_488' title='bbox 978 2507 1042 2567; x_wconf 84' lang='lat' dir='ltr'>rt&#39;rdc</span> <span class='ocrx_word' id='word_1_489' title='bbox 1071 2503 1198 2573; x_wconf 84' lang='lat' dir='ltr'>admitti,</span> <span class='ocrx_word' id='word_1_490' title='bbox 1217 2503 1423 2564; x_wconf 80' lang='lat' dir='ltr'>extradubium</span> <span class='ocrx_word' id='word_1_491' title='bbox 1439 2516 1498 2574; x_wconf 90' lang='lat' dir='ltr'>est,</span> <span class='ocrx_word' id='word_1_492' title='bbox 1516 2504 1534 2560; x_wconf 86' lang='lat' dir='ltr'>l.</span> <span class='ocrx_word' id='word_1_493' title='bbox 1553 2504 1635 2562; x_wconf 80' lang='lat' dir='ltr'>veluti</span> <span class='ocrx_word' id='word_1_494' title='bbox 1651 2503 1677 2562; x_wconf 81' lang='lat'>3.</span> <span class='ocrx_word' id='word_1_495' title='bbox 1706 2508 1724 2562; x_wconf 91' lang='lat' dir='ltr'>l.</span> <span class='ocrx_word' id='word_1_496' title='bbox 1753 2503 1787 2567; x_wconf 66' lang='grc' dir='ltr'>Θ</span> <span class='ocrx_word' id='word_1_497' title='bbox 1803 2505 1883 2564; x_wconf 79' lang='lat' dir='ltr'>labec</span> 
     </span>
     <span class='ocr_line' id='line_1_35' title="bbox 230 2565 1880 2654; baseline 0.001 -23"><span class='ocrx_word' id='word_1_498' title='bbox 230 2585 290 2646; x_wconf 86' lang='lat' dir='ltr'>ert,</span> <span class='ocrx_word' id='word_1_499' title='bbox 327 2575 373 2631; x_wconf 91' lang='lat' dir='ltr'>uia</span> <span class='ocrx_word' id='word_1_500' title='bbox 390 2586 500 2632; x_wconf 89' lang='lat' dir='ltr'>tantum</span> <span class='ocrx_word' id='word_1_501' title='bbox 518 2577 593 2635; x_wconf 83' lang='lat' dir='ltr'>nuda</span> <span class='ocrx_word' id='word_1_502' title='bbox 610 2574 769 2646; x_wconf 73' lang='lat' dir='ltr'>praediorum</span> <span class='ocrx_word' id='word_1_503' title='bbox 795 2573 938 2646; x_wconf 87' lang='lat' dir='ltr'>qualitates</span> <span class='ocrx_word' id='word_1_504' title='bbox 962 2592 1042 2646; x_wconf 88' lang='lat' dir='ltr'>sunt,</span> <span class='ocrx_word' id='word_1_505' title='bbox 1076 2569 1115 2628; x_wconf 79' lang='lat' dir='ltr'>rs.</span> <span class='ocrx_word' id='word_1_506' title='bbox 1133 2565 1159 2645; x_wconf 92' lang='lat'>5</span> <span class='ocrx_word' id='word_1_507' title='bbox 1175 2574 1290 2654; x_wconf 61' lang='lat' dir='ltr'>precaria</span> <span class='ocrx_word' id='word_1_508' title='bbox 1308 2571 1379 2643; x_wconf 75' lang='lat' dir='ltr'>aff.</span> <span class='ocrx_word' id='word_1_509' title='bbox 1398 2571 1431 2628; x_wconf 76' lang='lat' dir='ltr'>de</span> <span class='ocrx_word' id='word_1_510' title='bbox 1446 2574 1579 2642; x_wconf 72' lang='lat' dir='ltr'>macario.</span> <span class='ocrx_word' id='word_1_511' title='bbox 1606 2570 1644 2630; x_wconf 81' lang='lat' dir='ltr'>Et</span> <span class='ocrx_word' id='word_1_512' title='bbox 1671 2577 1792 2642; x_wconf 90' lang='lat' dir='ltr'>quamvis</span> <span class='ocrx_word' id='word_1_513' title='bbox 1810 2575 1880 2633; x_wconf 84' lang='lat' dir='ltr'>Ant.</span> 
     </span>
     <span class='ocr_line' id='line_1_36' title="bbox 234 2593 1885 2716; baseline 0.001 -17"><span class='ocrx_word' id='word_1_514' title='bbox 234 2593 388 2706; x_wconf 64' lang='lat' dir='ltr'>&amp;nidlum</span> <span class='ocrx_word' id='word_1_515' title='bbox 404 2646 463 2702; x_wconf 88' lang='lat' dir='ltr'>sine</span> <span class='ocrx_word' id='word_1_516' title='bbox 480 2646 584 2714; x_wconf 79' lang='lat' dir='ltr'>prediis</span> <span class='ocrx_word' id='word_1_517' title='bbox 620 2641 715 2712; x_wconf 85' lang='lat' dir='ltr'>quibus</span> <span class='ocrx_word' id='word_1_518' title='bbox 731 2641 847 2714; x_wconf 73' lang='lat' dir='ltr'>herent,</span> <span class='ocrx_word' id='word_1_519' title='bbox 875 2645 1041 2706; x_wconf 76' lang='lat' dir='ltr'>intellcdlum</span> <span class='ocrx_word' id='word_1_520' title='bbox 1070 2639 1160 2698; x_wconf 86' lang='lat' dir='ltr'>Faber</span> <span class='ocrx_word' id='word_1_521' title='bbox 1176 2641 1287 2716; x_wconf 63' lang='lat' dir='ltr'>cameli.</span> <span class='ocrx_word' id='word_1_522' title='bbox 1305 2639 1353 2698; x_wconf 85' lang='lat' dir='ltr'>lib.</span> <span class='ocrx_word' id='word_1_523' title='bbox 1376 2661 1384 2699; x_wconf 90' lang='lat' dir='ltr'>r</span> <span class='ocrx_word' id='word_1_524' title='bbox 1409 2657 1490 2712; x_wconf 86' lang='lat' dir='ltr'>.cap.</span> <span class='ocrx_word' id='word_1_525' title='bbox 1509 2658 1534 2711; x_wconf 84' lang='lat'>7.</span> <span class='ocrx_word' id='word_1_526' title='bbox 1552 2661 1628 2700; x_wconf 79' lang='lat' dir='ltr'>num.</span> <span class='ocrx_word' id='word_1_527' title='bbox 1654 2638 1680 2698; x_wconf 82' lang='lat'>3.</span> <span class='ocrx_word' id='word_1_528' title='bbox 1708 2646 1885 2715; x_wconf 80' lang='lat' dir='ltr'>contendat,</span> 
     </span>
     <span class='ocr_line' id='line_1_37' title="bbox 232 2655 1883 2794; baseline 0.001 -26"><span class='ocrx_word' id='word_1_529' title='bbox 232 2711 357 2784; x_wconf 86' lang='lat' dir='ltr'>habent,</span> <span class='ocrx_word' id='word_1_530' title='bbox 375 2714 392 2770; x_wconf 80' lang='lat' dir='ltr'>t</span> <span class='ocrx_word' id='word_1_531' title='bbox 411 2713 478 2786; x_wconf 81' lang='lat' dir='ltr'>quid</span> <span class='ocrx_word' id='word_1_532' title='bbox 491 2713 572 2774; x_wconf 78' lang='lat' dir='ltr'>aliud</span> <span class='ocrx_word' id='word_1_533' title='bbox 585 2683 628 2770; x_wconf 91' lang='grc' dir='ltr'>ὅθ.</span> <span class='ocrx_word' id='word_1_534' title='bbox 648 2713 678 2768; x_wconf 78' lang='lat' dir='ltr'>dc</span> <span class='ocrx_word' id='word_1_535' title='bbox 695 2709 794 2770; x_wconf 77' lang='lat' dir='ltr'>verbor.</span> <span class='ocrx_word' id='word_1_536' title='bbox 812 2713 899 2790; x_wconf 65' lang='lat' dir='ltr'>r&#39;anf.</span> <span class='ocrx_word' id='word_1_537' title='bbox 920 2714 1003 2788; x_wconf 76' lang='lat' dir='ltr'>junii.</span> <span class='ocrx_word' id='word_1_538' title='bbox 1023 2718 1040 2773; x_wconf 89' lang='lat' dir='ltr'>l.</span> <span class='ocrx_word' id='word_1_539' title='bbox 1070 2711 1271 2780; x_wconf 85' lang='lat' dir='ltr'>perevidentem</span> <span class='ocrx_word' id='word_1_540' title='bbox 1286 2729 1343 2768; x_wconf 87' lang='lat' dir='ltr'>esse</span> <span class='ocrx_word' id='word_1_541' title='bbox 1359 2655 1542 2772; x_wconf 66' lang='lat' dir='ltr'>diberentiun</span> <span class='ocrx_word' id='word_1_542' title='bbox 1558 2716 1628 2768; x_wconf 88' lang='lat' dir='ltr'>inter</span> <span class='ocrx_word' id='word_1_543' title='bbox 1652 2716 1755 2794; x_wconf 43' lang='lat' dir='ltr'>pignus·</span> <span class='ocrx_word' id='word_1_544' title='bbox 1773 2715 1802 2771; x_wconf 80' lang='lat' dir='ltr'>dr</span> <span class='ocrx_word' id='word_1_545' title='bbox 1818 2733 1883 2782; x_wconf 84' lang='lat' dir='ltr'>pre-</span> 
     </span>
     <span class='ocr_line' id='line_1_38' title="bbox 249 2777 1954 2858; baseline 0 -18"><span class='ocrx_word' id='word_1_546' title='bbox 249 2787 281 2840; x_wconf 82' lang='lat' dir='ltr'>ui.</span> <span class='ocrx_word' id='word_1_547' title='bbox 305 2782 409 2843; x_wconf 59' lang='lat' dir='ltr'>unmm</span> <span class='ocrx_word' id='word_1_548' title='bbox 430 2799 470 2839; x_wconf 89' lang='lat' dir='ltr'>ra.</span> <span class='ocrx_word' id='word_1_549' title='bbox 482 2781 521 2852; x_wconf 58' lang='grc' dir='ltr'><em>ᾖ</em></span> <span class='ocrx_word' id='word_1_550' title='bbox 536 2781 687 2858; x_wconf 76' lang='lat' dir='ltr'>quemadm.</span> <span class='ocrx_word' id='word_1_551' title='bbox 705 2786 795 2839; x_wconf 74' lang='lat' dir='ltr'>servit.</span> <span class='ocrx_word' id='word_1_552' title='bbox 822 2789 913 2844; x_wconf 77' lang='lat' dir='ltr'>amin.</span> <span class='ocrx_word' id='word_1_553' title='bbox 938 2777 966 2856; x_wconf 87' lang='lat'>5.</span> <span class='ocrx_word' id='word_1_554' title='bbox 985 2784 1042 2843; x_wconf 73' lang='lat' dir='ltr'>idco</span> <span class='ocrx_word' id='word_1_555' title='bbox 1069 2787 1191 2852; x_wconf 88' lang='lat' dir='ltr'>carium,</span> <span class='ocrx_word' id='word_1_556' title='bbox 1219 2781 1290 2849; x_wconf 90' lang='lat' dir='ltr'>quod</span> <span class='ocrx_word' id='word_1_557' title='bbox 1307 2785 1430 2850; x_wconf 89' lang='lat' dir='ltr'>precario</span> <span class='ocrx_word' id='word_1_558' title='bbox 1447 2785 1533 2839; x_wconf 89' lang='lat' dir='ltr'>etiam</span> <span class='ocrx_word' id='word_1_559' title='bbox 1549 2781 1661 2839; x_wconf 84' lang='lat' dir='ltr'>concedi</span> <span class='ocrx_word' id='word_1_560' title='bbox 1687 2793 1789 2849; x_wconf 74' lang='lat' dir='ltr'>possint</span> <span class='ocrx_word' id='word_1_561' title='bbox 1817 2801 1883 2854; x_wconf 89' lang='lat' dir='ltr'>res,</span> <span class='ocrx_word' id='word_1_562' title='bbox 1945 2809 1954 2850; x_wconf 71' lang='lat' dir='ltr'>r</span> 
     </span>
     <span class='ocr_line' id='line_1_39' title="bbox 232 2799 1883 2976; baseline -0.001 -68"><span class='ocrx_word' id='word_1_563' title='bbox 232 2799 259 2908; x_wconf 67' lang='lat' dir='ltr'>d.</span> <span class='ocrx_word' id='word_1_564' title='bbox 293 2857 369 2910; x_wconf 75' lang='lat' dir='ltr'>nstin</span> <span class='ocrx_word' id='word_1_565' title='bbox 388 2852 691 2918; x_wconf 61' lang='lat' dir='ltr'>reservaremini.</span> <span class='ocrx_word' id='word_1_566' title='bbox 717 2850 788 2910; x_wconf 90' lang='lat' dir='ltr'>nulli</span> <span class='ocrx_word' id='word_1_567' title='bbox 813 2855 920 2925; x_wconf 81' lang='lat' dir='ltr'>insuper</span> <span class='ocrx_word' id='word_1_568' title='bbox 946 2853 1040 2929; x_wconf 86' lang='lat' dir='ltr'>alteri,</span> <span class='ocrx_word' id='word_1_569' title='bbox 1069 2871 1125 2926; x_wconf 81' lang='lat' dir='ltr'>qua</span> <span class='ocrx_word' id='word_1_570' title='bbox 1144 2851 1328 2908; x_wconf 89' lang='lat' dir='ltr'>venditionem</span> <span class='ocrx_word' id='word_1_571' title='bbox 1346 2869 1434 2908; x_wconf 90' lang='lat' dir='ltr'>nonr</span> <span class='ocrx_word' id='word_1_572' title='bbox 1469 2851 1680 2928; x_wconf 76' lang='lat' dir='ltr'>&#39;&#39;unt,pignori</span> <span class='ocrx_word' id='word_1_573' title='bbox 1694 2849 1883 2976; x_wconf 53' lang='lat' dir='ltr'>obligarinon</span> 
     </span>
     <span class='ocr_line' id='line_1_40' title="bbox 232 2919 1881 2999; baseline -0.001 -19"><span class='ocrx_word' id='word_1_574' title='bbox 232 2924 457 2999; x_wconf 77' lang='lat' dir='ltr'>quam-preditun</span> <span class='ocrx_word' id='word_1_575' title='bbox 474 2920 765 2992; x_wconf 86' lang='lat' dir='ltr'>dominansbabenti,</span> <span class='ocrx_word' id='word_1_576' title='bbox 792 2921 872 2982; x_wconf 89' lang='lat' dir='ltr'>utiles</span> <span class='ocrx_word' id='word_1_577' title='bbox 898 2945 952 2983; x_wconf 90' lang='lat' dir='ltr'>esse</span> <span class='ocrx_word' id='word_1_578' title='bbox 979 2945 1040 2990; x_wconf 87' lang='lat' dir='ltr'>nos-</span> <span class='ocrx_word' id='word_1_579' title='bbox 1068 2920 1457 2993; x_wconf 54' lang='lat' dir='ltr'>numerumnunerum</span> <span class='ocrx_word' id='word_1_580' title='bbox 1513 2939 1540 2978; x_wconf 90' lang='lat' dir='ltr'>m</span> <span class='ocrx_word' id='word_1_581' title='bbox 1559 2923 1709 2992; x_wconf 77' lang='lat' dir='ltr'>patiuntur3</span> <span class='ocrx_word' id='word_1_582' title='bbox 1727 2919 1747 2976; x_wconf 92' lang='lat' dir='ltr'>il</span> <span class='ocrx_word' id='word_1_583' title='bbox 1785 2932 1881 2979; x_wconf 87' lang='lat' dir='ltr'>tamen</span> 
     </span>
     <span class='ocr_line' id='line_1_41' title="bbox 232 2987 1881 3065; baseline 0.001 -17"><span class='ocrx_word' id='word_1_584' title='bbox 232 3004 315 3060; x_wconf 82' lang='lat' dir='ltr'>sunt,</span> <span class='ocrx_word' id='word_1_585' title='bbox 333 2992 360 3046; x_wconf 84' lang='lat' dir='ltr'>d.</span> <span class='ocrx_word' id='word_1_586' title='bbox 380 2991 397 3046; x_wconf 91' lang='lat' dir='ltr'>l.</span> <span class='ocrx_word' id='word_1_587' title='bbox 417 2991 442 3047; x_wconf 89' lang='lat'>5.</span> <span class='ocrx_word' id='word_1_588' title='bbox 460 2991 498 3058; x_wconf 61' lang='grc' dir='ltr'>θ’.</span> <span class='ocrx_word' id='word_1_589' title='bbox 521 3009 545 3048; x_wconf 87' lang='lat' dir='ltr'>t.</span> <span class='ocrx_word' id='word_1_590' title='bbox 564 2992 582 3046; x_wconf 89' lang='lat' dir='ltr'>l.</span> <span class='ocrx_word' id='word_1_591' title='bbox 600 3011 633 3048; x_wconf 74' lang='lat' dir='ltr'>aa</span> <span class='ocrx_word' id='word_1_592' title='bbox 650 3010 707 3046; x_wconf 84' lang='lat' dir='ltr'>meo</span> <span class='ocrx_word' id='word_1_593' title='bbox 723 2991 875 3064; x_wconf 60' lang='lat' dir='ltr'>arundeli·</span> <span class='ocrx_word' id='word_1_594' title='bbox 894 2993 936 3064; x_wconf 68' lang='lat'>24.</span> <span class='ocrx_word' id='word_1_595' title='bbox 952 2991 988 3065; x_wconf 83' lang='lat' dir='ltr'>ff.</span> <span class='ocrx_word' id='word_1_596' title='bbox 1007 2995 1040 3050; x_wconf 78' lang='lat' dir='ltr'>de</span> <span class='ocrx_word' id='word_1_597' title='bbox 1070 2988 1121 3046; x_wconf 90' lang='lat' dir='ltr'>boc</span> <span class='ocrx_word' id='word_1_598' title='bbox 1139 2989 1326 3050; x_wconf 74' lang='lat' dir='ltr'>sammullam</span> <span class='ocrx_word' id='word_1_599' title='bbox 1352 2993 1532 3052; x_wconf 87' lang='lat' dir='ltr'>mutationem</span> <span class='ocrx_word' id='word_1_600' title='bbox 1557 2987 1655 3064; x_wconf 83' lang='lat' dir='ltr'>affert,</span> <span class='ocrx_word' id='word_1_601' title='bbox 1681 3007 1744 3048; x_wconf 87' lang='lat' dir='ltr'>cum</span> <span class='ocrx_word' id='word_1_602' title='bbox 1769 2989 1881 3052; x_wconf 73' lang='lat' dir='ltr'>urbane</span> 
     </span>
     <span class='ocr_line' id='line_1_42' title="bbox 232 3058 1883 3135; baseline 0.003 -22"><span class='ocrx_word' id='word_1_603' title='bbox 232 3061 319 3116; x_wconf 72' lang='lat' dir='ltr'>servit.</span> <span class='ocrx_word' id='word_1_604' title='bbox 336 3058 413 3129; x_wconf 76' lang='lat' dir='ltr'>pred.</span> <span class='ocrx_word' id='word_1_605' title='bbox 432 3064 522 3116; x_wconf 74' lang='lat' dir='ltr'>mrsu.</span> <span class='ocrx_word' id='word_1_606' title='bbox 542 3077 599 3116; x_wconf 91' lang='lat' dir='ltr'>non</span> <span class='ocrx_word' id='word_1_607' title='bbox 617 3062 732 3134; x_wconf 87' lang='lat' dir='ltr'>denique</span> <span class='ocrx_word' id='word_1_608' title='bbox 749 3067 859 3122; x_wconf 84' lang='lat' dir='ltr'>seorsim</span> <span class='ocrx_word' id='word_1_609' title='bbox 868 3065 928 3125; x_wconf 91' lang='lat' dir='ltr'>sine</span> <span class='ocrx_word' id='word_1_610' title='bbox 938 3065 1039 3135; x_wconf 73' lang='lat' dir='ltr'>praediis</span> <span class='ocrx_word' id='word_1_611' title='bbox 1069 3077 1140 3129; x_wconf 74' lang='lat' dir='ltr'>aque</span> <span class='ocrx_word' id='word_1_612' title='bbox 1157 3078 1189 3116; x_wconf 87' lang='lat' dir='ltr'>ac</span> <span class='ocrx_word' id='word_1_613' title='bbox 1206 3060 1310 3118; x_wconf 82' lang='lat' dir='ltr'>rustica</span> <span class='ocrx_word' id='word_1_614' title='bbox 1328 3067 1468 3120; x_wconf 90' lang='lat' dir='ltr'>servitutes</span> <span class='ocrx_word' id='word_1_615' title='bbox 1485 3079 1541 3120; x_wconf 90' lang='lat' dir='ltr'>una</span> <span class='ocrx_word' id='word_1_616' title='bbox 1559 3079 1626 3118; x_wconf 88' lang='lat' dir='ltr'>cum·</span> <span class='ocrx_word' id='word_1_617' title='bbox 1640 3063 1765 3132; x_wconf 74' lang='lat' dir='ltr'>prediis,</span> <span class='ocrx_word' id='word_1_618' title='bbox 1783 3060 1883 3130; x_wconf 87' lang='lat' dir='ltr'>quibus</span> 
     </span>
     <span class='ocr_line' id='line_1_43' title="bbox 234 3123 1883 3208; baseline 0.004 -26"><span class='ocrx_word' id='word_1_619' title='bbox 234 3127 333 3188; x_wconf 77' lang='lat' dir='ltr'>vendi.</span> <span class='ocrx_word' id='word_1_620' title='bbox 353 3125 390 3184; x_wconf 91' lang='lat' dir='ltr'>Ut</span> <span class='ocrx_word' id='word_1_621' title='bbox 408 3128 520 3196; x_wconf 84' lang='lat' dir='ltr'>proinde</span> <span class='ocrx_word' id='word_1_622' title='bbox 537 3123 637 3186; x_wconf 73' lang='lat' dir='ltr'>frustra</span> <span class='ocrx_word' id='word_1_623' title='bbox 657 3125 725 3185; x_wconf 84' lang='lat' dir='ltr'>foret</span> <span class='ocrx_word' id='word_1_624' title='bbox 743 3131 892 3200; x_wconf 79' lang='lat' dir='ltr'>creditor,l</span> <span class='ocrx_word' id='word_1_625' title='bbox 905 3135 928 3189; x_wconf 87' lang='lat' dir='ltr'>si</span> <span class='ocrx_word' id='word_1_626' title='bbox 953 3153 1038 3208; x_wconf 78' lang='lat' dir='ltr'>quan-</span> <span class='ocrx_word' id='word_1_627' title='bbox 1067 3136 1218 3188; x_wconf 85' lang='lat' dir='ltr'>constituta</span> <span class='ocrx_word' id='word_1_628' title='bbox 1228 3171 1238 3199; x_wconf 95' lang='lat'>,</span> <span class='ocrx_word' id='word_1_629' title='bbox 1256 3131 1440 3191; x_wconf 85' lang='lat' dir='ltr'>venditionem</span> <span class='ocrx_word' id='word_1_630' title='bbox 1458 3133 1607 3204; x_wconf 85' lang='lat' dir='ltr'>recipiant,</span> <span class='ocrx_word' id='word_1_631' title='bbox 1623 3133 1683 3190; x_wconf 87' lang='lat' dir='ltr'>siue</span> <span class='ocrx_word' id='word_1_632' title='bbox 1701 3131 1883 3200; x_wconf 76' lang='lat' dir='ltr'>pradiisnou·</span> 
     </span>
     <span class='ocr_line' id='line_1_44' title="bbox 223 3196 1879 3272; baseline 0.004 -22"><span class='ocrx_word' id='word_1_633' title='bbox 223 3197 296 3272; x_wconf 20' lang='lat' dir='ltr'>*darn</span> <span class='ocrx_word' id='word_1_634' title='bbox 313 3212 348 3254; x_wconf 83' lang='lat' dir='ltr'>ex</span> <span class='ocrx_word' id='word_1_635' title='bbox 366 3213 457 3257; x_wconf 88' lang='lat' dir='ltr'>earum</span> <span class='ocrx_word' id='word_1_636' title='bbox 475 3199 501 3269; x_wconf 84' lang='lat' dir='ltr'>p’</span> <span class='ocrx_word' id='word_1_637' title='bbox 523 3215 587 3256; x_wconf 90' lang='lat' dir='ltr'>nore</span> <span class='ocrx_word' id='word_1_638' title='bbox 606 3197 648 3254; x_wconf 89' lang='lat' dir='ltr'>vel</span> <span class='ocrx_word' id='word_1_639' title='bbox 665 3196 816 3270; x_wconf 73' lang='lat' dir='ltr'>hypotheca</span> <span class='ocrx_word' id='word_1_640' title='bbox 826 3215 943 3271; x_wconf 89' lang='lat' dir='ltr'>speraret</span> <span class='ocrx_word' id='word_1_641' title='bbox 961 3203 1037 3262; x_wconf 87' lang='lat' dir='ltr'>debi·</span> <span class='ocrx_word' id='word_1_642' title='bbox 1068 3213 1135 3266; x_wconf 72' lang='lat' dir='ltr'>trrs</span> <span class='ocrx_word' id='word_1_643' title='bbox 1153 3199 1271 3272; x_wconf 88' lang='lat' dir='ltr'>adeoque</span> <span class='ocrx_word' id='word_1_644' title='bbox 1288 3211 1421 3270; x_wconf 89' lang='lat' dir='ltr'>quantum</span> <span class='ocrx_word' id='word_1_645' title='bbox 1438 3202 1473 3259; x_wconf 90' lang='lat' dir='ltr'>ad</span> <span class='ocrx_word' id='word_1_646' title='bbox 1498 3207 1641 3260; x_wconf 74' lang='lat' dir='ltr'>servitutes</span> <span class='ocrx_word' id='word_1_647' title='bbox 1663 3203 1780 3271; x_wconf 90' lang='lat' dir='ltr'>attinet,</span> <span class='ocrx_word' id='word_1_648' title='bbox 1807 3201 1879 3257; x_wconf 87' lang='lat' dir='ltr'>inter</span> 
     </span>
     <span class='ocr_line' id='line_1_45' title="bbox 231 3265 1877 3347; baseline 0.003 -25"><span class='ocrx_word' id='word_1_649' title='bbox 231 3272 254 3326; x_wconf 88' lang='lat' dir='ltr'>ti</span> <span class='ocrx_word' id='word_1_650' title='bbox 272 3267 463 3339; x_wconf 84' lang='lat' dir='ltr'>sectrritatem,</span> <span class='ocrx_word' id='word_1_651' title='bbox 510 3265 828 3347; x_wconf 75' lang='lat' dir='ltr'>stratilouejmpedita.</span> <span class='ocrx_word' id='word_1_652' title='bbox 856 3269 964 3341; x_wconf 84' lang='lat' dir='ltr'>Quibus</span> <span class='ocrx_word' id='word_1_653' title='bbox 983 3291 1037 3330; x_wconf 90' lang='lat' dir='ltr'>non</span> <span class='ocrx_word' id='word_1_654' title='bbox 1068 3270 1214 3337; x_wconf 87' lang='lat' dir='ltr'>precarium</span> <span class='ocrx_word' id='word_1_655' title='bbox 1231 3271 1373 3340; x_wconf 84' lang='lat' dir='ltr'>&amp;pignus</span> <span class='ocrx_word' id='word_1_656' title='bbox 1391 3271 1505 3328; x_wconf 86' lang='lat' dir='ltr'>necdum</span> <span class='ocrx_word' id='word_1_657' title='bbox 1524 3271 1579 3328; x_wconf 90' lang='lat' dir='ltr'>ulla</span> <span class='ocrx_word' id='word_1_658' title='bbox 1605 3271 1704 3328; x_wconf 89' lang='lat' dir='ltr'>diversi</span> <span class='ocrx_word' id='word_1_659' title='bbox 1734 3288 1748 3325; x_wconf 90' lang='lat' dir='ltr'>s</span> <span class='ocrx_word' id='word_1_660' title='bbox 1775 3276 1804 3326; x_wconf 91' lang='lat' dir='ltr'>in</span> <span class='ocrx_word' id='word_1_661' title='bbox 1823 3269 1877 3328; x_wconf 90' lang='lat' dir='ltr'>boc</span> 
     </span>
     <span class='ocr_line' id='line_1_46' title="bbox 229 3335 1920 3413; baseline -0.002 -15"><span class='ocrx_word' id='word_1_662' title='bbox 229 3337 403 3405; x_wconf 77' lang='lat' dir='ltr'>adversatur,</span> <span class='ocrx_word' id='word_1_663' title='bbox 429 3339 499 3410; x_wconf 83' lang='lat' dir='ltr'>quod</span> <span class='ocrx_word' id='word_1_664' title='bbox 517 3339 658 3400; x_wconf 80' lang='lat' dir='ltr'>servitutes</span> <span class='ocrx_word' id='word_1_665' title='bbox 675 3353 729 3406; x_wconf 74' lang='lat' dir='ltr'>ram</span> <span class='ocrx_word' id='word_1_666' title='bbox 754 3340 907 3399; x_wconf 73' lang='lat' dir='ltr'>constitute</span> <span class='ocrx_word' id='word_1_667' title='bbox 935 3346 1038 3412; x_wconf 87' lang='lat' dir='ltr'>possint</span> <span class='ocrx_word' id='word_1_668' title='bbox 1066 3341 1149 3398; x_wconf 88' lang='lat' dir='ltr'>tertio</span> <span class='ocrx_word' id='word_1_669' title='bbox 1166 3351 1217 3398; x_wconf 89' lang='lat' dir='ltr'>cst.</span> <span class='ocrx_word' id='word_1_670' title='bbox 1235 3335 1344 3398; x_wconf 78' lang='lat' dir='ltr'>Frustra</span> <span class='ocrx_word' id='word_1_671' title='bbox 1361 3358 1465 3413; x_wconf 90' lang='lat' dir='ltr'>quoque</span> <span class='ocrx_word' id='word_1_672' title='bbox 1482 3337 1639 3399; x_wconf 80' lang='lat' dir='ltr'>differentia</span> <span class='ocrx_word' id='word_1_673' title='bbox 1656 3353 1701 3396; x_wconf 88' lang='lat' dir='ltr'>rat</span> <span class='ocrx_word' id='word_1_674' title='bbox 1712 3357 1792 3396; x_wconf 87' lang='lat' dir='ltr'>onem</span> <span class='ocrx_word' id='word_1_675' title='bbox 1806 3340 1880 3397; x_wconf 86' lang='lat' dir='ltr'>inter</span> <span class='ocrx_word' id='word_1_676' title='bbox 1919 3344 1920 3348; x_wconf 78' lang='grc'>’</span> 
     </span>
     <span class='ocr_line' id='line_1_47' title="bbox 230 3405 1886 3484; baseline -0.001 -20"><span class='ocrx_word' id='word_1_677' title='bbox 230 3405 312 3470; x_wconf 81' lang='lat' dir='ltr'>alteri</span> <span class='ocrx_word' id='word_1_678' title='bbox 330 3410 451 3473; x_wconf 83' lang='lat' dir='ltr'>precario</span> <span class='ocrx_word' id='word_1_679' title='bbox 468 3407 634 3480; x_wconf 76' lang='lat' dir='ltr'>concedi,l.</span> <span class='ocrx_word' id='word_1_680' title='bbox 651 3411 845 3479; x_wconf 63' lang='lat' dir='ltr'>pensitamus</span> <span class='ocrx_word' id='word_1_681' title='bbox 862 3409 887 3468; x_wconf 83' lang='lat'>8.</span> <span class='ocrx_word' id='word_1_682' title='bbox 905 3405 931 3484; x_wconf 93' lang='lat'>5.</span> <span class='ocrx_word' id='word_1_683' title='bbox 950 3416 974 3470; x_wconf 79' lang='lat' dir='ltr'>si</span> <span class='ocrx_word' id='word_1_684' title='bbox 985 3434 1037 3470; x_wconf 81' lang='lat' dir='ltr'>m-</span> <span class='ocrx_word' id='word_1_685' title='bbox 1066 3409 1184 3468; x_wconf 88' lang='lat' dir='ltr'>urbanas</span> <span class='ocrx_word' id='word_1_686' title='bbox 1200 3408 1365 3483; x_wconf 82' lang='lat' dir='ltr'>rusticasque</span> <span class='ocrx_word' id='word_1_687' title='bbox 1380 3413 1525 3467; x_wconf 86' lang='lat' dir='ltr'>servitutes</span> <span class='ocrx_word' id='word_1_688' title='bbox 1542 3407 1705 3474; x_wconf 67' lang='lat' dir='ltr'>Vinniusd</span> <span class='ocrx_word' id='word_1_689' title='bbox 1724 3408 1777 3466; x_wconf 84' lang='lat' dir='ltr'>loco</span> <span class='ocrx_word' id='word_1_690' title='bbox 1794 3409 1824 3463; x_wconf 89' lang='lat' dir='ltr'>in</span> <span class='ocrx_word' id='word_1_691' title='bbox 1844 3423 1886 3466; x_wconf 75' lang='lat' dir='ltr'>eu</span> 
     </span>
     <span class='ocr_line' id='line_1_48' title="bbox 227 3473 1877 3606; baseline -0.002 -70"><span class='ocrx_word' id='word_1_692' title='bbox 227 3477 314 3536; x_wconf 73' lang='lat' dir='ltr'>virute</span> <span class='ocrx_word' id='word_1_693' title='bbox 330 3473 357 3533; x_wconf 89' lang='grc'>5.</span> <span class='ocrx_word' id='word_1_694' title='bbox 368 3473 409 3548; x_wconf 73' lang='lat' dir='ltr'><em>ffi</em></span> <span class='ocrx_word' id='word_1_695' title='bbox 427 3477 461 3534; x_wconf 82' lang='lat' dir='ltr'>de.</span> <span class='ocrx_word' id='word_1_696' title='bbox 474 3479 607 3548; x_wconf 67' lang='lat' dir='ltr'>macario,</span> <span class='ocrx_word' id='word_1_697' title='bbox 634 3494 683 3534; x_wconf 89' lang='lat' dir='ltr'>nec</span> <span class='ocrx_word' id='word_1_698' title='bbox 702 3476 759 3534; x_wconf 86' lang='lat' dir='ltr'>ulla</span> <span class='ocrx_word' id='word_1_699' title='bbox 776 3479 941 3540; x_wconf 85' lang='lat' dir='ltr'>diversitatis</span> <span class='ocrx_word' id='word_1_700' title='bbox 967 3485 1037 3540; x_wconf 88' lang='lat' dir='ltr'>ratio</span> <span class='ocrx_word' id='word_1_701' title='bbox 1064 3480 1178 3606; x_wconf 52' lang='lat' dir='ltr'>guerit,</span> <span class='ocrx_word' id='word_1_702' title='bbox 1194 3478 1265 3563; x_wconf 81' lang='lat' dir='ltr'>quod</span> <span class='ocrx_word' id='word_1_703' title='bbox 1282 3497 1370 3538; x_wconf 89' lang='lat' dir='ltr'>unum</span> <span class='ocrx_word' id='word_1_704' title='bbox 1386 3480 1506 3547; x_wconf 87' lang='lat' dir='ltr'>idemque</span> <span class='ocrx_word' id='word_1_705' title='bbox 1525 3477 1650 3547; x_wconf 84' lang='lat' dir='ltr'>praedium</span> <span class='ocrx_word' id='word_1_706' title='bbox 1667 3479 1798 3534; x_wconf 84' lang='lat' dir='ltr'>rusticum</span> <span class='ocrx_word' id='word_1_707' title='bbox 1806 3493 1877 3534; x_wconf 88' lang='lat' dir='ltr'>ean-</span> 
     </span>
     <span class='ocr_line' id='line_1_49' title="bbox 230 3545 1873 3621; baseline -0.002 -15"><span class='ocrx_word' id='word_1_708' title='bbox 230 3546 396 3616; x_wconf 83' lang='lat' dir='ltr'>intercedat,</span> <span class='ocrx_word' id='word_1_709' title='bbox 413 3553 557 3618; x_wconf 77' lang='lat' dir='ltr'>quominus</span> <span class='ocrx_word' id='word_1_710' title='bbox 573 3545 667 3608; x_wconf 75' lang='lat' dir='ltr'>eodem</span> <span class='ocrx_word' id='word_1_711' title='bbox 684 3549 768 3606; x_wconf 83' lang='lat' dir='ltr'>etlam</span> <span class='ocrx_word' id='word_1_712' title='bbox 785 3549 866 3606; x_wconf 87' lang='lat' dir='ltr'>modo</span> <span class='ocrx_word' id='word_1_713' title='bbox 883 3553 978 3621; x_wconf 84' lang='lat' dir='ltr'>pignus</span> <span class='ocrx_word' id='word_1_714' title='bbox 987 3552 1036 3610; x_wconf 89' lang='lat' dir='ltr'>ad-</span> <span class='ocrx_word' id='word_1_715' title='bbox 1083 3566 1125 3610; x_wconf 84' lang='lat' dir='ltr'>em</span> <span class='ocrx_word' id='word_1_716' title='bbox 1141 3561 1301 3610; x_wconf 79' lang='lat' dir='ltr'>servitutem</span> <span class='ocrx_word' id='word_1_717' title='bbox 1319 3568 1365 3618; x_wconf 87' lang='lat' dir='ltr'>per</span> <span class='ocrx_word' id='word_1_718' title='bbox 1381 3549 1496 3608; x_wconf 86' lang='lat' dir='ltr'>eundem</span> <span class='ocrx_word' id='word_1_719' title='bbox 1513 3546 1600 3604; x_wconf 84' lang='lat' dir='ltr'>loctun</span> <span class='ocrx_word' id='word_1_720' title='bbox 1618 3545 1662 3616; x_wconf 90' lang='lat' dir='ltr'>plu</span> <span class='ocrx_word' id='word_1_721' title='bbox 1677 3545 1738 3602; x_wconf 83' lang='lat' dir='ltr'>ibus</span> <span class='ocrx_word' id='word_1_722' title='bbox 1782 3545 1873 3618; x_wconf 74' lang='lat' dir='ltr'>radiis</span> 
     </span>
     <span class='ocr_line' id='line_1_50' title="bbox 228 3563 1884 3696; baseline 0.001 -26"><span class='ocrx_word' id='word_1_723' title='bbox 228 3618 359 3682; x_wconf 82' lang='lat' dir='ltr'>mittant.</span> <span class='ocrx_word' id='word_1_724' title='bbox 379 3614 578 3686; x_wconf 76' lang='lat' dir='ltr'>Eenim‚,etsi</span> <span class='ocrx_word' id='word_1_725' title='bbox 597 3635 651 3675; x_wconf 87' lang='lat' dir='ltr'>non</span> <span class='ocrx_word' id='word_1_726' title='bbox 670 3620 751 3688; x_wconf 90' lang='lat' dir='ltr'>possit</span> <span class='ocrx_word' id='word_1_727' title='bbox 769 3621 803 3676; x_wconf 89' lang='lat' dir='ltr'>iri</span> <span class='ocrx_word' id='word_1_728' title='bbox 822 3617 945 3691; x_wconf 79' lang='lat' dir='ltr'>inficias,</span> <span class='ocrx_word' id='word_1_729' title='bbox 969 3623 1036 3696; x_wconf 83' lang='lat' dir='ltr'>quin</span> <span class='ocrx_word' id='word_1_730' title='bbox 1066 3629 1190 3686; x_wconf 76' lang='lat' dir='ltr'>prestare</span> <span class='ocrx_word' id='word_1_731' title='bbox 1207 3629 1342 3688; x_wconf 79' lang='lat' dir='ltr'>potest5at</span> <span class='ocrx_word' id='word_1_732' title='bbox 1360 3635 1444 3678; x_wconf 89' lang='lat' dir='ltr'>unum</span> <span class='ocrx_word' id='word_1_733' title='bbox 1462 3619 1583 3693; x_wconf 83' lang='lat' dir='ltr'>idemque</span> <span class='ocrx_word' id='word_1_734' title='bbox 1601 3563 1698 3686; x_wconf 77' lang='lat' dir='ltr'>praedia</span> <span class='ocrx_word' id='word_1_735' title='bbox 1748 3675 1749 3682; x_wconf 57' lang='lat'>.</span> <span class='ocrx_word' id='word_1_736' title='bbox 1790 3632 1884 3684; x_wconf 78' lang='lat' dir='ltr'>anum</span> 
     </span>
     <span class='ocr_line' id='line_1_51' title="bbox 226 3629 1872 3766; baseline 0 -24"><span class='ocrx_word' id='word_1_737' title='bbox 226 3688 258 3748; x_wconf 81' lang='lat' dir='ltr'>in</span> <span class='ocrx_word' id='word_1_738' title='bbox 276 3688 303 3754; x_wconf 87' lang='lat' dir='ltr'>d.</span> <span class='ocrx_word' id='word_1_739' title='bbox 323 3685 341 3744; x_wconf 83' lang='lat' dir='ltr'>l.</span> <span class='ocrx_word' id='word_1_740' title='bbox 360 3685 388 3744; x_wconf 80' lang='lat'>8.</span> <span class='ocrx_word' id='word_1_741' title='bbox 405 3629 431 3763; x_wconf 82' lang='lat'>5</span> <span class='ocrx_word' id='word_1_742' title='bbox 450 3686 475 3750; x_wconf 73' lang='lat'>5.</span> <span class='ocrx_word' id='word_1_743' title='bbox 493 3688 527 3746; x_wconf 91' lang='lat' dir='ltr'>de</span> <span class='ocrx_word' id='word_1_744' title='bbox 544 3689 675 3749; x_wconf 81' lang='lat' dir='ltr'>servitute</span> <span class='ocrx_word' id='word_1_745' title='bbox 690 3685 749 3750; x_wconf 85' lang='lat' dir='ltr'>lam</span> <span class='ocrx_word' id='word_1_746' title='bbox 763 3691 912 3751; x_wconf 87' lang='lat' dir='ltr'>constituta</span> <span class='ocrx_word' id='word_1_747' title='bbox 930 3706 1035 3766; x_wconf 83' lang='lat' dir='ltr'>agatur,</span> <span class='ocrx_word' id='word_1_748' title='bbox 1061 3690 1114 3750; x_wconf 88' lang='lat' dir='ltr'>uni</span> <span class='ocrx_word' id='word_1_749' title='bbox 1132 3699 1259 3759; x_wconf 86' lang='lat' dir='ltr'>tantum,</span> <span class='ocrx_word' id='word_1_750' title='bbox 1276 3690 1306 3748; x_wconf 76' lang='lat' dir='ltr'>dr</span> <span class='ocrx_word' id='word_1_751' title='bbox 1323 3693 1362 3757; x_wconf 88' lang='lat' dir='ltr'>ei,</span> <span class='ocrx_word' id='word_1_752' title='bbox 1379 3689 1424 3746; x_wconf 88' lang='lat' dir='ltr'>cui</span> <span class='ocrx_word' id='word_1_753' title='bbox 1443 3692 1554 3750; x_wconf 86' lang='lat' dir='ltr'>servitus</span> <span class='ocrx_word' id='word_1_754' title='bbox 1572 3683 1607 3744; x_wconf 88' lang='lat' dir='ltr'>ab</span> <span class='ocrx_word' id='word_1_755' title='bbox 1626 3690 1705 3746; x_wconf 87' lang='lat' dir='ltr'>initio</span> <span class='ocrx_word' id='word_1_756' title='bbox 1749 3686 1872 3746; x_wconf 73' lang='lat' dir='ltr'>buuuta</span> 
     </span>
     <span class='ocr_line' id='line_1_52' title="bbox 226 3755 1876 3834; baseline -0.002 -18"><span class='ocrx_word' id='word_1_757' title='bbox 226 3757 290 3816; x_wconf 87' lang='lat' dir='ltr'>dum</span> <span class='ocrx_word' id='word_1_758' title='bbox 309 3775 343 3814; x_wconf 82' lang='lat' dir='ltr'>ea</span> <span class='ocrx_word' id='word_1_759' title='bbox 360 3769 487 3818; x_wconf 84' lang='lat' dir='ltr'>narratur</span> <span class='ocrx_word' id='word_1_760' title='bbox 504 3756 606 3822; x_wconf 88' lang='lat' dir='ltr'>ibidem</span> <span class='ocrx_word' id='word_1_761' title='bbox 623 3763 742 3825; x_wconf 67' lang='lat' dir='ltr'>amissas</span> <span class='ocrx_word' id='word_1_762' title='bbox 766 3761 838 3828; x_wconf 87' lang='lat' dir='ltr'>quod</span> <span class='ocrx_word' id='word_1_763' title='bbox 855 3761 884 3820; x_wconf 87' lang='lat' dir='ltr'>in</span> <span class='ocrx_word' id='word_1_764' title='bbox 902 3778 952 3831; x_wconf 90' lang='lat' dir='ltr'>ea,</span> <span class='ocrx_word' id='word_1_765' title='bbox 979 3781 1034 3834; x_wconf 80' lang='lat' dir='ltr'>que</span> <span class='ocrx_word' id='word_1_766' title='bbox 1062 3769 1120 3818; x_wconf 81' lang='lat' dir='ltr'>est.</span> <span class='ocrx_word' id='word_1_767' title='bbox 1140 3755 1232 3814; x_wconf 90' lang='lat' dir='ltr'>Primo</span> <span class='ocrx_word' id='word_1_768' title='bbox 1250 3773 1363 3830; x_wconf 87' lang='lat' dir='ltr'>namque</span> <span class='ocrx_word' id='word_1_769' title='bbox 1378 3755 1535 3816; x_wconf 78' lang='lat' dir='ltr'>differentia</span> <span class='ocrx_word' id='word_1_770' title='bbox 1551 3755 1601 3816; x_wconf 84' lang='lat' dir='ltr'>uta</span> <span class='ocrx_word' id='word_1_771' title='bbox 1617 3762 1643 3813; x_wconf 88' lang='lat' dir='ltr'>si·</span> <span class='ocrx_word' id='word_1_772' title='bbox 1658 3775 1720 3816; x_wconf 85' lang='lat' dir='ltr'>vcra</span> <span class='ocrx_word' id='word_1_773' title='bbox 1740 3761 1876 3827; x_wconf 87' lang='lat' dir='ltr'>esset,ni·</span> 
     </span>
     <span class='ocr_line' id='line_1_53' title="bbox 226 3825 1875 3898; baseline -0.001 -13"><span class='ocrx_word' id='word_1_774' title='bbox 226 3827 339 3885; x_wconf 83' lang='lat' dir='ltr'>demum</span> <span class='ocrx_word' id='word_1_775' title='bbox 351 3828 543 3890; x_wconf 79' lang='lat' dir='ltr'>cunstituenda</span> <span class='ocrx_word' id='word_1_776' title='bbox 563 3825 653 3898; x_wconf 86' lang='lat' dir='ltr'>foret,</span> <span class='ocrx_word' id='word_1_777' title='bbox 672 3827 762 3888; x_wconf 86' lang='lat' dir='ltr'>locum¹</span> <span class='ocrx_word' id='word_1_778' title='bbox 778 3844 833 3885; x_wconf 92' lang='lat' dir='ltr'>non</span> <span class='ocrx_word' id='word_1_779' title='bbox 851 3834 973 3898; x_wconf 68' lang='lat' dir='ltr'>invenite</span> <span class='ocrx_word' id='word_1_780' title='bbox 992 3844 1034 3886; x_wconf 91' lang='lat' dir='ltr'>ta·</span> <span class='ocrx_word' id='word_1_781' title='bbox 1064 3826 1104 3884; x_wconf 93' lang='lat' dir='ltr'>hil</span> <span class='ocrx_word' id='word_1_782' title='bbox 1122 3841 1215 3884; x_wconf 84' lang='lat' dir='ltr'>tanren</span> <span class='ocrx_word' id='word_1_783' title='bbox 1233 3827 1267 3884; x_wconf 90' lang='lat' dir='ltr'>ad</span> <span class='ocrx_word' id='word_1_784' title='bbox 1286 3841 1454 3895; x_wconf 77' lang='lat' dir='ltr'>presentem,</span> <span class='ocrx_word' id='word_1_785' title='bbox 1461 3825 1599 3886; x_wconf 87' lang='lat' dir='ltr'>conferret</span> <span class='ocrx_word' id='word_1_786' title='bbox 1621 3827 1814 3897; x_wconf 75' lang='lat' dir='ltr'>questionem,</span> <span class='ocrx_word' id='word_1_787' title='bbox 1840 3842 1875 3882; x_wconf 85' lang='lat' dir='ltr'>eo</span> 
     </span>
     <span class='ocr_line' id='line_1_54' title="bbox 227 3893 1874 3972; baseline -0.001 -18"><span class='ocrx_word' id='word_1_788' title='bbox 227 3911 290 3954; x_wconf 78' lang='lat' dir='ltr'>men</span> <span class='ocrx_word' id='word_1_789' title='bbox 308 3899 336 3954; x_wconf 75' lang='lat' dir='ltr'>dr</span> <span class='ocrx_word' id='word_1_790' title='bbox 355 3895 423 3954; x_wconf 81' lang='lat' dir='ltr'>titud</span> <span class='ocrx_word' id='word_1_791' title='bbox 442 3899 559 3955; x_wconf 81' lang='lat' dir='ltr'>vicissim</span> <span class='ocrx_word' id='word_1_792' title='bbox 576 3897 776 3959; x_wconf 82' lang='lat' dir='ltr'>concedendum</span> <span class='ocrx_word' id='word_1_793' title='bbox 793 3911 851 3968; x_wconf 85' lang='lat' dir='ltr'>est,</span> <span class='ocrx_word' id='word_1_794' title='bbox 875 3898 931 3956; x_wconf 88' lang='lat' dir='ltr'>illic</span> <span class='ocrx_word' id='word_1_795' title='bbox 949 3900 1034 3959; x_wconf 88' lang='lat' dir='ltr'>solam</span> <span class='ocrx_word' id='word_1_796' title='bbox 1062 3897 1137 3966; x_wconf 79' lang='lat' dir='ltr'>quod·</span> <span class='ocrx_word' id='word_1_797' title='bbox 1151 3897 1300 3960; x_wconf 83' lang='lat' dir='ltr'>secundum</span> <span class='ocrx_word' id='word_1_798' title='bbox 1324 3910 1388 3958; x_wconf 84' lang='lat' dir='ltr'>ante</span> <span class='ocrx_word' id='word_1_799' title='bbox 1410 3893 1485 3962; x_wconf 74' lang='lat' dir='ltr'>,diua</span> <span class='ocrx_word' id='word_1_800' title='bbox 1512 3899 1654 3958; x_wconf 86' lang='lat' dir='ltr'>servitutes</span> <span class='ocrx_word' id='word_1_801' title='bbox 1682 3908 1737 3972; x_wconf 80' lang='lat' dir='ltr'>tam</span> <span class='ocrx_word' id='word_1_802' title='bbox 1764 3895 1874 3953; x_wconf 75' lang='lat' dir='ltr'>urbanas</span> 
     </span>
     <span class='ocr_line' id='line_1_55' title="bbox 225 3965 1874 4040; baseline -0.001 -17"><span class='ocrx_word' id='word_1_803' title='bbox 225 3981 257 4026; x_wconf 80' lang='lat' dir='ltr'>tte</span> <span class='ocrx_word' id='word_1_804' title='bbox 275 3974 427 4032; x_wconf 79' lang='lat' dir='ltr'>separatam</span> <span class='ocrx_word' id='word_1_805' title='bbox 443 3966 602 4030; x_wconf 85' lang='lat' dir='ltr'>servitutem</span> <span class='ocrx_word' id='word_1_806' title='bbox 619 3967 771 4037; x_wconf 80' lang='lat' dir='ltr'>praedialem</span> <span class='ocrx_word' id='word_1_807' title='bbox 787 3969 846 4024; x_wconf 89' lang='lat' dir='ltr'>sine</span> <span class='ocrx_word' id='word_1_808' title='bbox 864 3970 977 4040; x_wconf 70' lang='lat' dir='ltr'>predio,</span> <span class='ocrx_word' id='word_1_809' title='bbox 988 3971 1035 4030; x_wconf 88' lang='lat' dir='ltr'>sed</span> <span class='ocrx_word' id='word_1_810' title='bbox 1062 3983 1142 4037; x_wconf 88' lang='lat' dir='ltr'>quam</span> <span class='ocrx_word' id='word_1_811' title='bbox 1161 3965 1284 4038; x_wconf 78' lang='lat' dir='ltr'>rusticae„</span> <span class='ocrx_word' id='word_1_812' title='bbox 1301 3965 1376 4026; x_wconf 88' lang='lat' dir='ltr'>velut</span> <span class='ocrx_word' id='word_1_813' title='bbox 1392 3969 1512 4040; x_wconf 88' lang='lat' dir='ltr'>pignoris</span> <span class='ocrx_word' id='word_1_814' title='bbox 1529 3969 1701 4037; x_wconf 64' lang='lat' dir='ltr'>comitutu,</span> <span class='ocrx_word' id='word_1_815' title='bbox 1727 3981 1782 4022; x_wconf 89' lang='lat' dir='ltr'>non</span> <span class='ocrx_word' id='word_1_816' title='bbox 1800 3980 1874 4024; x_wconf 81' lang='lat' dir='ltr'>seor·</span> 
     </span>
     <span class='ocr_line' id='line_1_56' title="bbox 226 4035 1874 4109; baseline 0.001 -22"><span class='ocrx_word' id='word_1_817' title='bbox 226 4050 358 4094; x_wconf 88' lang='lat' dir='ltr'>unacum</span> <span class='ocrx_word' id='word_1_818' title='bbox 378 4037 475 4102; x_wconf 78' lang='lat' dir='ltr'>prndio</span> <span class='ocrx_word' id='word_1_819' title='bbox 501 4037 663 4096; x_wconf 86' lang='lat' dir='ltr'>dominante.</span> <span class='ocrx_word' id='word_1_820' title='bbox 704 4049 835 4109; x_wconf 83' lang='lat' dir='ltr'>tanquam</span> <span class='ocrx_word' id='word_1_821' title='bbox 858 4041 1033 4097; x_wconf 77' lang='lat' dir='ltr'>accesserim</span> <span class='ocrx_word' id='word_1_822' title='bbox 1061 4043 1115 4096; x_wconf 90' lang='lat' dir='ltr'>sim</span> <span class='ocrx_word' id='word_1_823' title='bbox 1130 4039 1189 4095; x_wconf 84' lang='lat' dir='ltr'>sine</span> <span class='ocrx_word' id='word_1_824' title='bbox 1207 4037 1305 4104; x_wconf 76' lang='lat' dir='ltr'>predio</span> <span class='ocrx_word' id='word_1_825' title='bbox 1331 4037 1512 4107; x_wconf 85' lang='lat' dir='ltr'>dominante,</span> <span class='ocrx_word' id='word_1_826' title='bbox 1542 4035 1590 4095; x_wconf 88' lang='lat' dir='ltr'>sed</span> <span class='ocrx_word' id='word_1_827' title='bbox 1616 4047 1726 4094; x_wconf 89' lang='lat' dir='ltr'>tantum</span> <span class='ocrx_word' id='word_1_828' title='bbox 1749 4050 1812 4090; x_wconf 91' lang='lat' dir='ltr'>cum</span> <span class='ocrx_word' id='word_1_829' title='bbox 1838 4050 1874 4096; x_wconf 79' lang='lat' dir='ltr'>eo</span> 
     </span>
     <span class='ocr_line' id='line_1_57' title="bbox 224 4077 1874 4183; baseline 0.002 -27"><span class='ocrx_word' id='word_1_830' title='bbox 224 4097 304 4183; x_wconf 75' lang='lat' dir='ltr'>fuisse</span> <span class='ocrx_word' id='word_1_831' title='bbox 323 4107 442 4168; x_wconf 81' lang='lat' dir='ltr'>precario</span> <span class='ocrx_word' id='word_1_832' title='bbox 459 4102 598 4172; x_wconf 84' lang='lat' dir='ltr'>habitam,-</span> <span class='ocrx_word' id='word_1_833' title='bbox 616 4077 731 4174; x_wconf 75' lang='lat' dir='ltr'>qualiter</span> <span class='ocrx_word' id='word_1_834' title='bbox 749 4111 831 4164; x_wconf 88' lang='lat' dir='ltr'>etiarn</span> <span class='ocrx_word' id='word_1_835' title='bbox 848 4109 954 4177; x_wconf 70' lang='lat' dir='ltr'>pignmi</span> <span class='ocrx_word' id='word_1_836' title='bbox 973 4126 1033 4166; x_wconf 90' lang='lat' dir='ltr'>eam</span> <span class='ocrx_word' id='word_1_837' title='bbox 1061 4106 1236 4175; x_wconf 87' lang='lat' dir='ltr'>venduntur,</span> <span class='ocrx_word' id='word_1_838' title='bbox 1262 4105 1388 4166; x_wconf 68' lang='lat' dir='ltr'>trinorc</span> <span class='ocrx_word' id='word_1_839' title='bbox 1403 4123 1510 4168; x_wconf 85' lang='lat' dir='ltr'>moram</span> <span class='ocrx_word' id='word_1_840' title='bbox 1533 4110 1561 4162; x_wconf 91' lang='lat' dir='ltr'>in</span> <span class='ocrx_word' id='word_1_841' title='bbox 1589 4105 1719 4164; x_wconf 82' lang='lat' dir='ltr'>solvendo</span> <span class='ocrx_word' id='word_1_842' title='bbox 1745 4103 1874 4160; x_wconf 88' lang='lat' dir='ltr'>commit-</span> 
     </span>
     <span class='ocr_line' id='line_1_58' title="bbox 223 4169 1872 4246; baseline 0.001 -16"><span class='ocrx_word' id='word_1_843' title='bbox 223 4169 339 4244; x_wconf 82' lang='lat' dir='ltr'>oblrgari</span> <span class='ocrx_word' id='word_1_844' title='bbox 359 4191 431 4238; x_wconf 86' lang='lat' dir='ltr'>posse</span> <span class='ocrx_word' id='word_1_845' title='bbox 447 4192 524 4243; x_wconf 85' lang='lat' dir='ltr'>supra</span> <span class='ocrx_word' id='word_1_846' title='bbox 542 4178 685 4236; x_wconf 82' lang='lat' dir='ltr'>monitum.</span> <span class='ocrx_word' id='word_1_847' title='bbox 704 4175 830 4238; x_wconf 82' lang='lat' dir='ltr'>Pretario</span> <span class='ocrx_word' id='word_1_848' title='bbox 847 4177 949 4241; x_wconf 80' lang='lat' dir='ltr'>scilicet</span> <span class='ocrx_word' id='word_1_849' title='bbox 967 4198 1031 4246; x_wconf 75' lang='lat' dir='ltr'>prae-</span> <span class='ocrx_word' id='word_1_850' title='bbox 1061 4187 1160 4242; x_wconf 71' lang='lat' dir='ltr'>tentes</span> <span class='ocrx_word' id='word_1_851' title='bbox 1177 4186 1206 4232; x_wconf 92' lang='lat' dir='ltr'>ut</span> <span class='ocrx_word' id='word_1_852' title='bbox 1226 4175 1448 4245; x_wconf 85' lang='lat' dir='ltr'>proindeparum.</span> <span class='ocrx_word' id='word_1_853' title='bbox 1460 4171 1571 4246; x_wconf 88' lang='lat' dir='ltr'>referat,</span> <span class='ocrx_word' id='word_1_854' title='bbox 1579 4172 1699 4245; x_wconf 88' lang='lat' dir='ltr'>pluribus</span> <span class='ocrx_word' id='word_1_855' title='bbox 1718 4191 1762 4244; x_wconf 89' lang='lat' dir='ltr'>per</span> <span class='ocrx_word' id='word_1_856' title='bbox 1781 4171 1872 4231; x_wconf 88' lang='lat' dir='ltr'>locum</span> 
     </span>
     <span class='ocr_line' id='line_1_59' title="bbox 223 4239 1871 4317; baseline 0.001 -16"><span class='ocrx_word' id='word_1_857' title='bbox 223 4243 300 4301; x_wconf 89' lang='lat' dir='ltr'>dium</span> <span class='ocrx_word' id='word_1_858' title='bbox 317 4247 375 4309; x_wconf 78' lang='lat' dir='ltr'>uitis</span> <span class='ocrx_word' id='word_1_859' title='bbox 394 4257 549 4315; x_wconf 82' lang='lat' dir='ltr'>rogaverat,</span> <span class='ocrx_word' id='word_1_860' title='bbox 567 4249 595 4310; x_wconf 79' lang='lat' dir='ltr'>dr</span> <span class='ocrx_word' id='word_1_861' title='bbox 613 4261 667 4302; x_wconf 88' lang='lat' dir='ltr'>non</span> <span class='ocrx_word' id='word_1_862' title='bbox 688 4247 789 4304; x_wconf 85' lang='lat' dir='ltr'>utendo</span> <span class='ocrx_word' id='word_1_863' title='bbox 808 4247 936 4304; x_wconf 86' lang='lat' dir='ltr'>amiserat</span> <span class='ocrx_word' id='word_1_864' title='bbox 955 4248 1041 4312; x_wconf 89' lang='lat' dir='ltr'>debi··</span> <span class='ocrx_word' id='word_1_865' title='bbox 1060 4247 1176 4305; x_wconf 85' lang='lat' dir='ltr'>eunrlem</span> <span class='ocrx_word' id='word_1_866' title='bbox 1193 4247 1309 4306; x_wconf 84' lang='lat' dir='ltr'>servitus</span> <span class='ocrx_word' id='word_1_867' title='bbox 1326 4246 1419 4308; x_wconf 87' lang='lat' dir='ltr'>eadem</span> <span class='ocrx_word' id='word_1_868' title='bbox 1435 4243 1529 4303; x_wconf 87' lang='lat' dir='ltr'>deberi</span> <span class='ocrx_word' id='word_1_869' title='bbox 1547 4246 1648 4317; x_wconf 88' lang='lat' dir='ltr'>possit,</span> <span class='ocrx_word' id='word_1_870' title='bbox 1666 4261 1771 4304; x_wconf 86' lang='lat' dir='ltr'>necne.</span> <span class='ocrx_word' id='word_1_871' title='bbox 1782 4239 1871 4306; x_wconf 77' lang='lat' dir='ltr'>Dein-</span> 
     </span>
     <span class='ocr_line' id='line_1_60' title="bbox 221 4311 1870 4388; baseline 0.001 -20"><span class='ocrx_word' id='word_1_872' title='bbox 221 4327 280 4378; x_wconf 74' lang='lat' dir='ltr'>ram</span> <span class='ocrx_word' id='word_1_873' title='bbox 298 4314 342 4368; x_wconf 87' lang='lat' dir='ltr'>isti</span> <span class='ocrx_word' id='word_1_874' title='bbox 360 4311 457 4382; x_wconf 79' lang='lat' dir='ltr'>predio</span> <span class='ocrx_word' id='word_1_875' title='bbox 473 4317 647 4380; x_wconf 72' lang='lat' dir='ltr'>servitutcms</span> <span class='ocrx_word' id='word_1_876' title='bbox 674 4321 715 4376; x_wconf 88' lang='lat' dir='ltr'>ait</span> <span class='ocrx_word' id='word_1_877' title='bbox 732 4311 887 4388; x_wconf 79' lang='lat' dir='ltr'>Ulpianus,</span> <span class='ocrx_word' id='word_1_878' title='bbox 908 4335 968 4378; x_wconf 85' lang='lat' dir='ltr'>eam</span> <span class='ocrx_word' id='word_1_879' title='bbox 988 4318 1031 4374; x_wconf 90' lang='lat' dir='ltr'>in·</span> <span class='ocrx_word' id='word_1_880' title='bbox 1050 4317 1092 4374; x_wconf 78' lang='lat' dir='ltr'>‚dc</span> <span class='ocrx_word' id='word_1_881' title='bbox 1110 4327 1264 4384; x_wconf 86' lang='lat' dir='ltr'>perpetuam</span> <span class='ocrx_word' id='word_1_882' title='bbox 1280 4332 1337 4374; x_wconf 89' lang='lat' dir='ltr'>non</span> <span class='ocrx_word' id='word_1_883' title='bbox 1354 4333 1409 4374; x_wconf 86' lang='lat' dir='ltr'>esse</span> <span class='ocrx_word' id='word_1_884' title='bbox 1425 4329 1486 4372; x_wconf 86' lang='lat' dir='ltr'>eam</span> <span class='ocrx_word' id='word_1_885' title='bbox 1504 4316 1578 4374; x_wconf 89' lang='lat' dir='ltr'>inter</span> <span class='ocrx_word' id='word_1_886' title='bbox 1596 4311 1714 4375; x_wconf 87' lang='lat' dir='ltr'>urbanas</span> <span class='ocrx_word' id='word_1_887' title='bbox 1737 4331 1768 4370; x_wconf 84' lang='lat' dir='ltr'>ac</span> <span class='ocrx_word' id='word_1_888' title='bbox 1787 4319 1870 4371; x_wconf 88' lang='lat' dir='ltr'>rusti-</span> 
     </span>
     <span class='ocr_line' id='line_1_61' title="bbox 222 4377 1875 4456; baseline 0 -16"><span class='ocrx_word' id='word_1_889' title='bbox 222 4377 339 4446; x_wconf 67' lang='lat' dir='ltr'>terdidio</span> <span class='ocrx_word' id='word_1_890' title='bbox 354 4383 388 4440; x_wconf 84' lang='lat' dir='ltr'>de</span> <span class='ocrx_word' id='word_1_891' title='bbox 405 4388 526 4451; x_wconf 83' lang='lat' dir='ltr'>precario</span> <span class='ocrx_word' id='word_1_892' title='bbox 543 4386 632 4446; x_wconf 83' lang='lat' dir='ltr'>teneri</span> <span class='ocrx_word' id='word_1_893' title='bbox 669 4388 692 4439; x_wconf 93' lang='lat' dir='ltr'>si</span> <span class='ocrx_word' id='word_1_894' title='bbox 710 4381 774 4446; x_wconf 84' lang='lat' dir='ltr'>dolo</span> <span class='ocrx_word' id='word_1_895' title='bbox 792 4381 893 4449; x_wconf 85' lang='lat' dir='ltr'>fecerit.</span> <span class='ocrx_word' id='word_1_896' title='bbox 912 4385 1030 4446; x_wconf 87' lang='lat' dir='ltr'>Vinnius</span> <span class='ocrx_word' id='word_1_897' title='bbox 1059 4401 1105 4441; x_wconf 90' lang='lat' dir='ltr'>cas</span> <span class='ocrx_word' id='word_1_898' title='bbox 1121 4386 1328 4456; x_wconf 79' lang='lat' dir='ltr'>diversitatem,</span> <span class='ocrx_word' id='word_1_899' title='bbox 1352 4385 1381 4439; x_wconf 93' lang='lat' dir='ltr'>in</span> <span class='ocrx_word' id='word_1_900' title='bbox 1412 4387 1545 4444; x_wconf 83' lang='lat' dir='ltr'>servitute·</span> <span class='ocrx_word' id='word_1_901' title='bbox 1560 4383 1642 4450; x_wconf 80' lang='lat' dir='ltr'>altius</span> <span class='ocrx_word' id='word_1_902' title='bbox 1660 4401 1714 4440; x_wconf 90' lang='lat' dir='ltr'>non</span> <span class='ocrx_word' id='word_1_903' title='bbox 1733 4381 1875 4456; x_wconf 71' lang='lat' dir='ltr'>tollendi,</span> 
     </span>
     <span class='ocr_line' id='line_1_62' title="bbox 222 4425 1877 4525; baseline 0.003 -19"><span class='ocrx_word' id='word_1_904' title='bbox 222 4450 313 4512; x_wconf 68' lang='lat' dir='ltr'>selebi..</span> <span class='ocrx_word' id='word_1_905' title='bbox 329 4467 416 4523; x_wconf 72' lang='lat' dir='ltr'>quest.</span> <span class='ocrx_word' id='word_1_906' title='bbox 434 4449 480 4508; x_wconf 82' lang='lat' dir='ltr'>lib.</span> <span class='ocrx_word' id='word_1_907' title='bbox 511 4471 533 4509; x_wconf 87' lang='lat' dir='ltr'>r.</span> <span class='ocrx_word' id='word_1_908' title='bbox 562 4473 617 4523; x_wconf 82' lang='lat' dir='ltr'>cap.</span> <span class='ocrx_word' id='word_1_909' title='bbox 642 4425 688 4512; x_wconf 71' lang='lat'>²52.</span> <span class='ocrx_word' id='word_1_910' title='bbox 719 4454 1030 4516; x_wconf 61' lang='lat' dir='ltr'>nuncupaturus</span> <span class='ocrx_word' id='word_1_911' title='bbox 1060 4453 1212 4516; x_wconf 84' lang='lat' dir='ltr'>luminibus</span> <span class='ocrx_word' id='word_1_912' title='bbox 1224 4470 1271 4514; x_wconf 91' lang='lat' dir='ltr'>aut</span> <span class='ocrx_word' id='word_1_913' title='bbox 1290 4452 1441 4525; x_wconf 74' lang='lat' dir='ltr'>pros-psum</span> <span class='ocrx_word' id='word_1_914' title='bbox 1457 4473 1512 4510; x_wconf 92' lang='lat' dir='ltr'>non</span> <span class='ocrx_word' id='word_1_915' title='bbox 1530 4449 1685 4525; x_wconf 79' lang='lat' dir='ltr'>officiendi,</span> <span class='ocrx_word' id='word_1_916' title='bbox 1702 4451 1813 4522; x_wconf 81' lang='lat' dir='ltr'>aliisque</span> <span class='ocrx_word' id='word_1_917' title='bbox 1832 4456 1877 4512; x_wconf 55' lang='lat' dir='ltr'>siu</span> 
     </span>
     <span class='ocr_line' id='line_1_63' title="bbox 222 4520 1871 4608; baseline 0.002 -32"><span class='ocrx_word' id='word_1_918' title='bbox 222 4522 334 4594; x_wconf 68' lang='lat' dir='ltr'>rrnjedl.</span> <span class='ocrx_word' id='word_1_919' title='bbox 354 4520 397 4578; x_wconf 83' lang='lat' dir='ltr'>lib.</span> <span class='ocrx_word' id='word_1_920' title='bbox 421 4535 461 4608; x_wconf 66' lang='lat'>19„</span> <span class='ocrx_word' id='word_1_921' title='bbox 479 4539 535 4594; x_wconf 81' lang='lat' dir='ltr'>cap.</span> <span class='ocrx_word' id='word_1_922' title='bbox 552 4523 578 4582; x_wconf 81' lang='lat'>6:</span> <span class='ocrx_word' id='word_1_923' title='bbox 598 4523 652 4586; x_wconf 86' lang='lat' dir='ltr'>Sed</span> <span class='ocrx_word' id='word_1_924' title='bbox 670 4523 724 4582; x_wconf 82' lang='lat' dir='ltr'>bae</span> <span class='ocrx_word' id='word_1_925' title='bbox 741 4526 835 4582; x_wconf 89' lang='lat' dir='ltr'>omnia</span> <span class='ocrx_word' id='word_1_926' title='bbox 861 4541 922 4587; x_wconf 83' lang='lat' dir='ltr'>nou</span> <span class='ocrx_word' id='word_1_927' title='bbox 945 4529 1029 4596; x_wconf 85' lang='lat' dir='ltr'>impe·</span> <span class='ocrx_word' id='word_1_928' title='bbox 1050 4523 1169 4586; x_wconf 59' lang='lat' dir='ltr'>‘milibus</span> <span class='ocrx_word' id='word_1_929' title='bbox 1185 4536 1318 4594; x_wconf 65' lang='lat' dir='ltr'>apparete</span> <span class='ocrx_word' id='word_1_930' title='bbox 1341 4535 1377 4582; x_wconf 80' lang='lat' dir='ltr'>ut</span> <span class='ocrx_word' id='word_1_931' title='bbox 1389 4529 1462 4584; x_wconf 83' lang='lat' dir='ltr'>enim</span> <span class='ocrx_word' id='word_1_932' title='bbox 1482 4522 1604 4593; x_wconf 86' lang='lat' dir='ltr'>pluribus</span> <span class='ocrx_word' id='word_1_933' title='bbox 1621 4541 1667 4593; x_wconf 82' lang='lat' dir='ltr'>per</span> <span class='ocrx_word' id='word_1_934' title='bbox 1684 4523 1800 4582; x_wconf 87' lang='lat' dir='ltr'>eundem</span> <span class='ocrx_word' id='word_1_935' title='bbox 1826 4523 1871 4579; x_wconf 81' lang='lat' dir='ltr'>lo-</span> 
     </span>
     <span class='ocr_line' id='line_1_64' title="bbox 220 4587 1870 4666; baseline -0.001 -14"><span class='ocrx_word' id='word_1_936' title='bbox 220 4594 316 4662; x_wconf 86' lang='lat' dir='ltr'>diunt,</span> <span class='ocrx_word' id='word_1_937' title='bbox 336 4612 393 4665; x_wconf 91' lang='lat' dir='ltr'>quo.</span> <span class='ocrx_word' id='word_1_938' title='bbox 407 4609 496 4654; x_wconf 79' lang='lat' dir='ltr'>minus</span> <span class='ocrx_word' id='word_1_939' title='bbox 514 4605 648 4666; x_wconf 71' lang='lat' dir='ltr'>utraque,</span> <span class='ocrx_word' id='word_1_940' title='bbox 675 4607 732 4654; x_wconf 84' lang='lat' dir='ltr'>tttm</span> <span class='ocrx_word' id='word_1_941' title='bbox 750 4592 880 4663; x_wconf 76' lang='lat' dir='ltr'>urbana,</span> <span class='ocrx_word' id='word_1_942' title='bbox 907 4610 968 4654; x_wconf 81' lang='lat' dir='ltr'>tuus</span> <span class='ocrx_word' id='word_1_943' title='bbox 983 4615 1028 4654; x_wconf 86' lang='lat' dir='ltr'>ru-</span> <span class='ocrx_word' id='word_1_944' title='bbox 1048 4605 1119 4652; x_wconf 70' lang='lat' dir='ltr'>&#39;mm</span> <span class='ocrx_word' id='word_1_945' title='bbox 1137 4595 1189 4653; x_wconf 88' lang='lat' dir='ltr'>iter</span> <span class='ocrx_word' id='word_1_946' title='bbox 1205 4593 1296 4654; x_wconf 70' lang='lat' dir='ltr'>atium</span> <span class='ocrx_word' id='word_1_947' title='bbox 1314 4597 1387 4650; x_wconf 91' lang='lat' dir='ltr'>viam</span> <span class='ocrx_word' id='word_1_948' title='bbox 1404 4596 1534 4653; x_wconf 85' lang='lat' dir='ltr'>constitui</span> <span class='ocrx_word' id='word_1_949' title='bbox 1552 4611 1628 4664; x_wconf 84' lang='lat' dir='ltr'>posse</span> <span class='ocrx_word' id='word_1_950' title='bbox 1638 4633 1646 4665; x_wconf 89' lang='lat'>,</span> <span class='ocrx_word' id='word_1_951' title='bbox 1671 4587 1770 4652; x_wconf 91' lang='lat' dir='ltr'>Paulus</span> <span class='ocrx_word' id='word_1_952' title='bbox 1788 4593 1870 4652; x_wconf 80' lang='lat' dir='ltr'>docet</span> 
     </span>
     <span class='ocr_line' id='line_1_65' title="bbox 219 4659 1875 4792; baseline -0.002 -70"><span class='ocrx_word' id='word_1_953' title='bbox 219 4667 310 4735; x_wconf 77' lang='lat' dir='ltr'>stica,</span> <span class='ocrx_word' id='word_1_954' title='bbox 329 4664 447 4722; x_wconf 84' lang='lat' dir='ltr'>necdum.</span> <span class='ocrx_word' id='word_1_955' title='bbox 462 4674 531 4722; x_wconf 78' lang='lat' dir='ltr'>nate</span> <span class='ocrx_word' id='word_1_956' title='bbox 549 4676 597 4728; x_wconf 76' lang='lat' dir='ltr'>aut,</span> <span class='ocrx_word' id='word_1_957' title='bbox 622 4665 793 4734; x_wconf 78' lang='lat' dir='ltr'>constituta,</span> <span class='ocrx_word' id='word_1_958' title='bbox 818 4665 946 4728; x_wconf 63' lang='lat' dir='ltr'>crealitpri</span> <span class='ocrx_word' id='word_1_959' title='bbox 962 4684 1028 4735; x_wconf 74' lang='lat' dir='ltr'>pre·</span> <span class='ocrx_word' id='word_1_960' title='bbox 1051 4664 1076 4719; x_wconf 85' lang='lat' dir='ltr'>l.</span> <span class='ocrx_word' id='word_1_961' title='bbox 1094 4667 1145 4736; x_wconf 83' lang='lat' dir='ltr'>qui·</span> <span class='ocrx_word' id='word_1_962' title='bbox 1154 4679 1198 4734; x_wconf 77' lang='lat' dir='ltr'>per</span> <span class='ocrx_word' id='word_1_963' title='bbox 1216 4680 1315 4721; x_wconf 78' lang='lat' dir='ltr'>certum</span> <span class='ocrx_word' id='word_1_964' title='bbox 1339 4663 1378 4721; x_wconf 76' lang='lat'>15.</span> <span class='ocrx_word' id='word_1_965' title='bbox 1388 4659 1428 4792; x_wconf 48' lang='grc' dir='ltr'>ιφ.</span> <span class='ocrx_word' id='word_1_966' title='bbox 1448 4664 1477 4721; x_wconf 82' lang='lat' dir='ltr'>b:</span> <span class='ocrx_word' id='word_1_967' title='bbox 1491 4681 1511 4722; x_wconf 86' lang='lat' dir='ltr'>r.</span> <span class='ocrx_word' id='word_1_968' title='bbox 1533 4663 1570 4719; x_wconf 86' lang='lat' dir='ltr'>ita</span> <span class='ocrx_word' id='word_1_969' title='bbox 1588 4681 1623 4734; x_wconf 87' lang='lat' dir='ltr'>qu</span> <span class='ocrx_word' id='word_1_970' title='bbox 1659 4681 1691 4722; x_wconf 89' lang='lat' dir='ltr'>ue</span> <span class='ocrx_word' id='word_1_971' title='bbox 1708 4668 1738 4718; x_wconf 90' lang='lat' dir='ltr'>in</span> <span class='ocrx_word' id='word_1_972' title='bbox 1755 4662 1875 4724; x_wconf 77' lang='lat' dir='ltr'>urbanis</span> 
     </span>
     <span class='ocr_line' id='line_1_66' title="bbox 219 4729 1875 4818; baseline -0.001 -22"><span class='ocrx_word' id='word_1_973' title='bbox 219 4755 295 4818; x_wconf 59' lang='lat' dir='ltr'>prum</span> <span class='ocrx_word' id='word_1_974' title='bbox 313 4735 432 4811; x_wconf 77' lang='lat' dir='ltr'>vicinum</span> <span class='ocrx_word' id='word_1_975' title='bbox 450 4732 562 4798; x_wconf 80' lang='lat' dir='ltr'>habenti</span> <span class='ocrx_word' id='word_1_976' title='bbox 579 4731 655 4806; x_wconf 86' lang='lat' dir='ltr'>(uon</span> <span class='ocrx_word' id='word_1_977' title='bbox 676 4729 771 4810; x_wconf 79' lang='lat' dir='ltr'>alteri)</span> <span class='ocrx_word' id='word_1_978' title='bbox 789 4734 824 4797; x_wconf 84' lang='lat' dir='ltr'>de</span> <span class='ocrx_word' id='word_1_979' title='bbox 840 4753 912 4800; x_wconf 81' lang='lat' dir='ltr'>novo</span> <span class='ocrx_word' id='word_1_980' title='bbox 929 4753 1033 4802; x_wconf 59' lang='lat' dir='ltr'>corace²</span> <span class='ocrx_word' id='word_1_981' title='bbox 1058 4734 1090 4802; x_wconf 76' lang='lat' dir='ltr'>id,</span> <span class='ocrx_word' id='word_1_982' title='bbox 1104 4731 1165 4801; x_wconf 84' lang='lat' dir='ltr'>lieri</span> <span class='ocrx_word' id='word_1_983' title='bbox 1179 4751 1277 4814; x_wconf 63' lang='lat' dir='ltr'>posse„</span> <span class='ocrx_word' id='word_1_984' title='bbox 1299 4733 1376 4798; x_wconf 79' lang='lat' dir='ltr'>idern,</span> <span class='ocrx_word' id='word_1_985' title='bbox 1411 4733 1487 4798; x_wconf 77' lang='lat' dir='ltr'>auitas</span> <span class='ocrx_word' id='word_1_986' title='bbox 1505 4731 1606 4798; x_wconf 85' lang='lat' dir='ltr'>ibidem</span> <span class='ocrx_word' id='word_1_987' title='bbox 1629 4747 1777 4812; x_wconf 80' lang='lat' dir='ltr'>oservar,</span> <span class='ocrx_word' id='word_1_988' title='bbox 1801 4750 1875 4794; x_wconf 52' lang='lat' dir='ltr'>con*</span> 
     </span>
    </p>
   </div>
   <div class='ocr_carea' id='block_1_3' title="bbox 1247 4881 1367 4920">
    <p class='ocr_par' dir='ltr' id='par_1_3' title="bbox 1247 4881 1367 4920">
     <span class='ocr_line' id='line_1_67' title="bbox 1356 4881 1367 4891; baseline 0 0"><span class='ocrx_word' id='word_1_989' title='bbox 1356 4881 1367 4891; x_wconf 67' lang='lat' dir='ltr'><em>a</em></span> 
     </span>
     <span class='ocr_line' id='line_1_68' title="bbox 1247 4911 1252 4920; baseline 0 0"><span class='ocrx_word' id='word_1_990' title='bbox 1247 4911 1252 4920; x_wconf 84' lang='grc' dir='ltr'>ι</span> 
     </span>
    </p>
   </div>
   <div class='ocr_carea' id='block_1_4' title="bbox 0 0 2016 5352">
    <p class='ocr_par' dir='ltr' id='par_1_4' title="bbox 0 0 2016 5352">
     <span class='ocr_line' id='line_1_69' title="bbox 0 0 2016 5352; baseline 0 6"><span class='ocrx_word' id='word_1_991' title='bbox 0 0 2016 5352; x_wconf 95' lang='lat' dir='ltr'> </span> 
     </span>
    </p>
   </div>
  </div>
 </body>
</html>
