4026 5352
157 1565 161 1572 .
248 1524 305 1582 niti
324 1531 472 1580 memorata
489 1520 608 1587 superius
623 1519 797 1587 dispositione
815 1517 902 1579 locum
926 1518 1052 1578 habitura

312 235 318 262 p
690 209 696 220 ¹
959 239 964 250 .
1382 219 1406 250 ι

293 287 338 366 80
598 309 604 320 ·
923 295 993 363 ιιι.
1012 299 1049 362 ι.
1077 297 1138 364 ιιι.
1158 293 1200 360 ιι.
1407 349 1410 356 .

248 395 288 452 tis
305 387 384 450 rebtu
401 383 458 461 lure
473 398 583 448 cautum
601 381 657 446 esse
674 381 729 458 jam
747 383 828 515 augeo
851 397 961 446 notum.
979 386 1056 450 Neo-
1072 387 1160 448 ‘redo
1192 402 1258 459 quos
1272 383 1401 459 pupillari
1453 397 1494 448 ter
1588 397 1709 458 naimt
1721 388 1896 456 subsrit'uth'·

249 463 351 523 stadius
368 462 448 519 inari.
465 459 498 516 de
512 459 599 530 paliis
616 472 751 530 antenupr.
769 479 783 513 ι
800 475 896 516 servat.
919 479 942 516 ι.
961 464 990 518 in
1003 479 1056 520 nac.
1085 479 1130 520 ne.
1149 426 1210 518 Nec
1226 458 1317 518 minus
1334 456 1557 518 inblolandiaa
1594 465 1782 539 secundavota
1800 484 1893 526 trans·

250 537 280 594 dt
298 533 394 592 obceno.
412 547 438 588 a.
456 534 485 587 c'n
502 547 553 588 not.
572 533 600 590 δι
617 529 713 589 observ.
731 527 758 587 5.
778 528 981 602 HugoGrotius
995 552 1056 588 mn·
1085 534 1159 602 iens,
1187 531 1211 586 si
1229 527 1328 588 tabulis
1344 530 1481 590 dotalibus
1499 532 1529 588 in
1547 535 1728 602 prejudicium
1745 537 1894 606 liberorum

251 604 361 664 nuduli.
380 602 421 659 ad
427 599 575 675 jurisprud.
593 601 664 658 Hali.
683 600 728 658 lib.
747 617 772 658 a.
791 617 847 670 cap.
865 616 908 673 29.
935 615 1010 660 num.
1029 599 1064 659 5.·
1085 608 1164 683 primi
1182 602 1350 658 matrimonii
1367 602 1586 661 communionem
1603 604 1734 662 Ιιοιιοιιιιη
1750 627 1811 665 cum
1824 627 1895 668 con·

243 675 279 746 14.
298 675 324 735 5.
343 671 447 732 Christ.
467 669 649 731 Rodenbutch
667 672 745 730 trabi.
764 673 873 745 dejure
900 675 959 745 conj
993 715 1000 730 .
1028 676 1057 730 in
1084 689 1144 744 iuge
1160 672 1258 742 pacisci
1277 671 1412 743 voluerit,
1438 675 1467 732 n
1494 674 1533 730 ita
1559 689 1605 730 stu
1631 674 1771 736 voluntate
1797 677 1894 738 liberie

247 748 386 817 prolimin.
403 741 434 800 de
452 757 545 800 statur.
563 741 658 800 nivers.
676 747 717 799 tic.
735 738 762 798 5.
790 759 847 813 cap.
866 758 891 798 a.
918 764 944 801 n.
995 785 1001 800 .
1029 741 1055 801 5.
1085 743 1179 800 iisdem
1196 759 1308 822 nocere,
1327 741 1399 802 nihil
1417 746 1490 816 agit,
1507 743 1677 812 depositioni
1694 745 1758 820 legis
1775 749 1893 806 baceli-

248 833 307 892 pag.
329 811 387 872 132.
404 813 438 876 dp
456 833 520 940 seqlq.
540 811 608 870 Abr.
626 827 642 868 a
661 810 761 871 Wesel
785 812 818 869 de
844 812 952 872 connub.
995 836 1055 872 ιιι-
1082 813 1152 874 irati
1166 812 1366 882 nericsendusq
1384 816 1430 884 qui
1446 820 1470 893 si
1487 815 1660 880 commodum
1676 818 1749 874 idem
1763 835 1799 876 es
1816 837 1893 878 cun-

250 909 312 944 num
330 890 413 942 accit.
431 887 512 940 trab.
531 899 555 938 a.
573 896 628 950 cap.
656 882 682 940 5.
709 905 735 940 n.
763 879 806 942 ati.
830 897 875 956 29.
902 881 946 941 50.
974 883 1054 956 Resp·
1083 885 1214 944 munione
1241 885 1368 942 uouisset
1393 900 1454 952 eon]
1493 885 1499 896 “
1527 891 1628 956 acquiri
1655 905 1689 944 en
1718 895 1744 946 vi
1776 894 1892 968 estun,

248 957 340 1016 iCtor.
361 951 491 1014 Helland.
508 969 566 1023 par.
584 949 610 1008 5.
629 955 678 1010 ool.
700 972 721 1010 ι.
739 953 828 1012 'conrii
845 955 873 1026 4.
891 958 919 1016 ἃ
942 953 969 1012 d.
997 970 1053 1025 pon.
1082 957 1181 1016 omissa
1198 959 1273 1010 otnni
1290 952 1456 1024 dotaliump
1499 971 1578 1033 orum
1594 954 1784 1032 solemnitate,
1810 959 1891 1020 babi-

248 1025 275 1084 5.
297 1028 347 1085 vil.
367 1024 498 1082 acontii.
517 1021 578 1096 559.
596 1020 608 1096 (
618 1020 732 1094 revera)
749 1021 810 1098 239.
827 1047 854 1084 n.
877 1044 899 1083 ι.
918 1029 946 1086 δι
960 1026 1053 1096 βαιά.
1083 1036 1126 1080 tus
1143 1040 1198 1080 non
1217 1019 1310 1082 fuisset
1329 1025 1359 1079 in
1376 1023 1473 1082 liberos
1491 1026 1625 1098 iniurius
1644 1027 1721 1086 nullo
1738 1035 1833 1102 quippe
1849 1030 1891 1090 sa·

248 1099 337 1158 consil.
354 1095 381 1168 4.
399 1093 497 1152 Paulus
515 1095 586 1152 Voet
604 1092 644 1148 ad
656 1089 681 1167 b.
705 1112 727 1153 ι.
745 1097 813 1154 Inst.
831 1097 895 1155 b.'t.
913 1117 940 1154 n.
967 1097 994 1154 5.
1023 1097 1054 1157 Si
1082 1091 1127 1151 ilo
1145 1097 1253 1165 proprio
1270 1097 1458 1172 adversiti'eos
1476 1093 1605 1155 inducero
1622 1095 1778 1175 lesionem,
1794 1103 1890 1165 Abra

248 1183 340 1228 mnsen
361 1171 398 1223 ita
416 1165 500 1236 pasis
517 1163 653 1225 dotalibus
669 1166 794 1224 ordinem
819 1167 977 1228 succedendi
1004 1171 1053 1228 de·
1084 1165 1181 1224 Wesel
1198 1162 1229 1219 de
1246 1163 1394 1222 connubiai.
1412 1162 1496 1223 bonor.
1515 1166 1601 1221 societ.
1619 1171 1699 1238 isaii.
1718 1187 1745 1229 a.
1775 1191 1835 1231 ιι.
1861 1175 1889 1238 5.

249 1239 358 1298 finitum
375 1249 513 1308 appareat,
528 1249 558 1294 ut
574 1235 654 1294 amul
665 1231 874 1298 ’fideicommisso
891 1253 1005 1312 gravata
1017 1243 1052 1298 sit
1081 1255 1155 1294 num.
1174 1221 1218 1304 34
1236 1229 1280 1292 55.
1299 1231 1342 1296 56.
1362 1233 1398 1298 l).
1415 1231 1473 1296 iob.
1491 1252 1508 1293 a
1526 1233 1656 1297 Someren
1680 1244 1761 1300 troii.
1788 1191 1826 1300 ab
1846 1269 1890 1303 ιι-

248 1311 394 1369 iiberornm
411 1309 519 1379 portio,
541 1307 611 1364 duni
628 1307 670 1364 vel
686 1306 816 1366 alienatio
832 1307 984 1380 prohibita,
1010 1309 1053 1370 vel
1077 1309 1274 1378 praesentatione
1288 1321 1345 1375 cap.
1363 1305 1391 1362 6.
1417 1325 1491 1378 neap.
1520 1303 1564 1375 24.
1592 1306 1688 1379 Neque
1714 1311 1806 1385 hisce,
1833 1335 1890 1386 quz

247 1380 383 1454 designati
398 1377 492 1436 tabula
508 1376 595 1436 dotali
614 1376 729 1435 heredes
745 1376 873 1437 ulteriore
899 1390 961 1437 sunt
987 1397 1052 1438 one·
1077 1377 1113 1433 de
1130 1381 1333 1434 testamentaria
1351 1375 1500 1433 liberorum
1517 1377 1709 1455 dispositione,
1726 1401 1758 1440 ac
1774 1403 1831 1444 non
1842 1405 1891 1446 ne-

248 1457 306 1510 rati
318 1451 510 1522 restitutione,
532 1445 604 1511 hand
622 1446 813 1518 dubiun'quin
831 1467 865 1507 ex
881 1453 946 1518 turis
968 1468 1052 1508 cano-
1078 1446 1206 1520 gligendo
1223 1452 1252 1502 in
1271 1463 1305 1530 ιιι
1321 1457 1431 1514 parente
1448 1451 1591 1514 superstite
1608 1447 1681 1508 diua
1697 1469 1781 1526 sunt,
1808 1475 1890 1528 repu-

1099 1529 1159 1587 nat,
1176 1515 1246 1587 quod
1282 1535 1307 1576 ιι
1324 1517 1440 1591 martine
1455 1536 1487 1575 su
1505 1519 1592 1574 erstiti
1618 1526 1755 1590 preterito
1780 1529 1891 1596 quereb

247 1597 283 1651 sit
301 1590 426 1666 legitime
442 1586 522 1648 simul
539 1586 790 1648 ric-'t'rebeiiionics
815 1586 965 1662 detiaili03
994 1608 1051 1648 non
1078 1535 1204 1672 beregisi,
1222 1557 1293 1642 nillil
1311 1587 1360 1671 ipsi
1377 1605 1409 1650 ee
1426 1605 1475 1670 pro
1488 1605 1567 1646 utura
1584 1603 1671 1663 esset,
1698 1594 1765 1653 dum
1782 1613 1829 1665 per
1846 1603 1890 1658 in.

248 1677 279 1724 nt
297 1664 402 1732 parenti
419 1659 554 1730 superstiti
571 1659 710 1730 crederet,
732 1664 827 1732 quippe
843 1677 890 1716 sua
909 1660 1051 1721 voluntate
1079 1654 1193 1714 osnctosr
1220 1670 1419 1718 accuutionem
1446 1677 1501 1728 ipse
1527 1675 1646 1720 causam¹
1662 1661 1768 1736 quidem
1795 1673 1891 1726 terem

245 1734 283 1792 ab
299 1739 374 1790 omni
393 1729 447 1800 jure
464 1731 635 1788 successionis
651 1733 781 1788 intestate
799 1729 947 1790 liberorum
956 1731 1049 1792 exclu-
1079 1728 1210 1800 redigeret
1227 1727 1261 1786 ad
1279 1735 1392 1786 causam
1405 1729 1549 1799 intestati,
1566 1729 1613 1790 sed
1630 1750 1678 1790 sua
1697 1731 1810 1793 viiioria
1826 1757 1890 1809 pro-

246 1805 277 1863 s'o
287 1823 296 1871 i
314 1805 360 1862 sed
378 1807 464 1874 magis
480 1799 552 1872 iilis,
580 1803 625 1868 qui
644 1798 742 1857 tabulis
763 1798 1051 1872 dotalibusdesignati
1077 1798 1163 1858 desset
1181 1797 1254 1870 illis,
1272 1801 1318 1868 qui
1336 1795 1484 1860 deficiente.
1493 1812 1658 1859 tenautento
1680 1815 1809 1876 tanquam
1827 1827 1890 1868 suc-

245 1875 393 1933 libcrorum
408 1887 588 1942 successores,
616 1868 740 1940 ulteriori
757 1874 927 1929 restitutione
943 1879 1051 1945 gravati
1077 1886 1191 1941 cessores
1208 1868 1243 1928 ab
1262 1871 1390 1931 intestato
1408 1867 1516 1930 fuerant
1535 1870 1623 1930 dotali
1640 1880 1822 1937 conventione
1841 1899 1889 1950 po-

226 1957 328 2019 sunt,
356 1945 498 2002 Groenesv
531 1959 566 1998 en
584 1941 618 1998 ad
637 1941 758 1998 Graiium
776 1941 932 2000 manudaii.
949 1941 984 2008 dr
1003 1941 1048 2000 lib.
1079 1937 1374 2012 cessissemusne
1396 1939 1543 2013 serosibi,
1571 1953 1663 2011 utpote
1678 1965 1726 2017 per
1743 1953 1888 2010 renuncia-

246 2035 273 2076 ι.
292 2033 348 2087 cap.
369 2027 412 2086 29.
431 2034 457 2070 n.
475 2009 501 2068 5.
548 2009 702 2070 odenburch
720 2011 746 2068 d.
764 2014 806 2071 ric.
832 2008 859 2069 5.
885 2009 940 2082 cip.
968 2030 993 2070 a.
1022 2034 1047 2069 ιι.
1079 2009 1182 2068 tionem
1208 2009 1244 2070 ab
1270 2013 1393 2072 intestati
1418 2014 1586 2071 successione
1610 2014 1738 2074 excluso.
1776 2015 1887 2080 Falsum

245 2089 272 2148 5.
291 2092 320 2145 in
329 2087 406 2159 fine,
434 2083 537 2140 faciunt
564 2080 616 2138 huc
644 2100 699 2152 que
726 2080 807 2141 babet
825 2079 991 2142 Neostadius
1017 2081 1050 2138 de
1076 2081 1150 2136 enim
1167 2097 1340 2151 ,parentem
1366 2085 1537 2152 superstitem
1564 2087 1592 2138 vi
1618 2092 1831 2149 renunciationis
1856 2099 1887 2153 in

241 2161 331 2232 paiiis
347 2155 429 2214 dotal.
447 2151 545 2210 obsnio.
563 2147 590 2208 5.
608 2154 638 2207 in
654 2156 740 2226 noris,
765 2155 794 2212 ἃ
818 2151 931 2211 Grotius
956 2152 984 2210 d.
1002 2151 1048 2211 lib.
1076 2167 1139 2206 castr
1156 2153 1312 2208 restituenti
1329 2155 1435 2226 conditi
1452 2171 1469 2208 a
1485 2155 1653 2214 successione
1663 2159 1787 2218 intestati
1794 2160 1887 2220 exclar-

246 2247 273 2288 2,
291 2241 346 2296 cap.
365 2242 409 2298 29,
427 2219 495 2279 nii
840 2254 845 2260 ·
955 2277 959 2286 ,
1076 2235 1134 2278 arm
1153 2223 1256 2291 videri;
1284 2239 1348 2282 narn
1365 2240 1427 2282 cum
1444 2226 1592 2288 eremum
1608 2242 1673 2287 ante
1689 2227 1764 2290 noa
1789 2229 1894 2306 liberi,¹

280 2292 424 2370 dr.'Quod
441 2291 465 2352 si
481 2290 560 2350 liberi
576 2293 723 2354 secundum
739 2305 898 2369 potestatem
913 2294 1047 2354 sibicom-
1076 2289 1202 2349 ultimum
1218 2293 1368 2356 condentes
1384 2292 1520 2368 elogium,
1539 2293 1692 2370 noluerint,
1709 2319 1784 2360 suam
1801 2301 1886 2363 bare-

245 2380 397 2444 petentem,
416 2382 471 2422 non
489 2377 593 2423 attenta
609 2382 787 2424 successorum
803 2366 988 2440 designatione
1003 2385 1048 2438 per
1075 2362 1189 2426 ditarem
1201 2361 1304 2436 podis,
1323 2366 1369 2424 sed
1385 2367 1472 2436 magis
1490 2377 1662 2438 testattnnto,
1680 2369 1788 2444 deferri,
1804 2387 1886 2445 atque

244 2453 370 2513 parentes
387 2435 487 2498 tabulis
503 2433 638 2492 dotalibus
654 2447 793 2507 concepta,
811 2449 1002 2495 testamentum
1014 2438 1048 2496 de
1075 2433 1143 2492 adeo
1159 2440 1349 2496 enervaverint
1368 2431 1580 2505 pancionem
1590 2479 1599 2510 ‚
1618 2441 1740 2510 iniqurm
1850 2465 1885 2506 ex

218 2513 221 2522 '
244 2517 298 2570 suis
316 2511 393 2568 bonis
409 2507 580 2568 condendum
596 2510 750 2565 ceonretint
797 2509 887 2565 verius
913 2520 972 2580 est,
998 2528 1046 2579 pa·
1076 2502 1130 2560 illis
1165 2501 1230 2564 aitis
1249 2507 1484 2566 renunciationem
1501 2511 1724 2585 continentibus,
1739 2518 1820 2575 &so
1869 2547 1885 2562 -

242 2585 328 2643 r'entis
344 2579 493 2650 superstitis
510 2579 643 2636 rationem
659 2547 812 2634 babenclam
828 2597 894 2649 esse,
911 2585 990 2651 sicut,
1000 2597 1046 2638 eo-
1075 2585 1131 2634 tate
1146 2524 1292 2659 llberonan
1308 2574 1629 2651 subsecutaint'irmatis,
1654 2591 1778 2642 sustineri
1796 2600 1883 2646 testa·

242 2658 308 2714 dem
325 2653 478 2724 preterito,
500 2648 609 2720 querela
629 2666 685 2706 non
704 2649 837 2706 videretur
861 2649 1019 2724 deneganda
1038 2689 1045 2706 .
1075 2658 1196 2704 ruentum
1214 2646 1282 2726 illud
1298 2652 1405 2718 ipsum,
1421 2647 1493 2722 quod
1508 2667 1542 2708 ea
1559 2652 1637 2712 irrita
1655 2655 1773 2716 reddidit
1791 2661 1820 2718 ἃ
1838 2661 1883 2717 in.

224 2727 315 2792 ¹Cum
331 2725 404 2782 enirn
420 2731 584 2779 testamento
601 2715 673 2774 satio
691 2721 731 2775 vis
748 2725 836 2776 omnis
852 2737 962 2790 eorcnn,
990 2737 1045 2789 qun
1075 2713 1197 2784 innata.
1225 2717 1373 2795 veriusque
1399 2735 1457 2790 est,
1479 2737 1525 2788 per
1549 2725 1712 2780 intentatam
1738 2725 1882 2788 inofliciosi

240 2793 376 2856 dotalibus
393 2805 473 2849 cauta
491 2788 692 2860 instrumentis,
709 2801 869 2856 evanescam
887 2807 973 2862 neque
991 2793 1046 2861 jam
1074 2787 1285 2868 inlirnutionem
1302 2789 1390 2848 redire
1408 2806 1464 2846 non
1481 2787 1599 2861 pabiitie
1616 2796 1661 2853 sed
1676 2792 1802 2868 legitime
1821 2818 1882 2857 snc-

240 2865 382 2931 hnrbditas
397 2879 431 2922 ex
448 2873 591 2930 parentum
609 2859 747 2918 voluntate
763 2854 917 2932 deferatur,
939 2863 985 2920 sd
1003 2876 1045 2920 te·
1073 2860 1200 2924 cessionis
1217 2863 1281 2930 rus,
1302 2856 1458 2928 parentibus
1476 2861 1665 2930 superstitibus
1691 2871 1729 2923 ita
1756 2866 1882 2930 deserens

175 2959 184 2966 ·
237 2936 415 2996 stamentaria
432 2933 521 2999 potius
537 2927 681 2988 liberorum
707 2932 824 2998 ipsorum
853 2931 1026 3000 dispositione
1035 2972 1051 3002 ‚,
1075 2926 1268 3000 hereditatem,
1277 2931 1352 2998 quasi
1370 2947 1507 3000 nunquam
1524 2931 1693 2994 renunciitio
1709 2950 1757 3002 aut
1774 2937 1882 3011 pubium

240 3027 299 3066 non
319 3017 404 3078 potest
423 3019 477 3058 non
496 2997 647 3057 inofficiosa
664 2998 711 3056 illa
728 3002 801 3070 dici,
829 2999 858 3055 in
884 3019 937 3070 qua
954 3014 1044 3071 prate
1073 2997 1163 3056 dotale
1180 2999 1387 3058 intercessisset.
1424 3051 1430 3063 .
1689 3053 1691 3058 .

240 3081 289 3135 riti
307 3075 482 3134 inveniuntur
498 3089 516 3127 a
533 3067 642 3141 liberis,
667 3087 734 3140 quos
751 3073 780 3129 iit
797 3072 906 3140 pietatis
923 3073 951 3130 dr
969 3090 1044 3132 com·
1106 3065 1151 3136 52.
1168 3065 1251 3141 Quod
1268 3071 1291 3125 si
1309 3083 1433 3150 parentes
1448 3083 1553 3132 statuto
1569 3077 1688 3138 exclusos
1711 3085 1847 3156 concipias
1863 3105 1881 3144 n

239 3148 422 3206 miserationis
438 3145 508 3198 ratio
527 3139 634 3206 iubebat
652 3141 762 3212 vocari,
788 3141 806 3196 l.
830 3161 897 3196 nam
922 3144 973 3198 ersi
1002 3141 1042 3200 15.
1072 3136 1218 3196 liberorum
1235 3158 1344 3198 suorum
1362 3135 1526 3203 successione
1550 3147 1585 3204 ab
1611 3150 1758 3229 intestato,
1785 3161 1827 3216 uti
1853 3157 1881 3216 id

233 3217 271 3292 ff:
290 3217 315 3273 b.
330 3233 354 3274 a.
374 3211 472 3270 Wesei
487 3209 519 3268 ds
533 3209 642 3268 connub.
661 3214 747 3268 socier.
771 3211 852 3268 trabi.
877 3227 905 3267 a.
931 3227 988 3282 cap.
1016 3212 1042 3270 5.
1071 3207 1203 3266 alterutro
1220 3223 1329 3278 parente
1345 3227 1507 3288 preruortuo
1522 3217 1629 3278 obtinet
1654 3224 1684 3278 in
1711 3221 1880 3286 trs-Hortan-

237 3311 313 3346 num.
332 3283 375 3343 51.
393 3279 437 3342 52.
455 3277 499 3339 55.
518 3295 576 3353 post
593 3279 742 3340 Crivellutn
758 3280 838 3338 decis.
856 3277 898 3339 55.
909 3302 983 3339 num.
997 3280 1042 3352 45.
1070 3281 1120 3338 din
1138 3279 1276 3349 partibus,
1293 3298 1349 3350 que
1367 3295 1426 3346 iure
1444 3283 1589 3344 Scabinico
1606 3303 1742 3360 ιιιιιιιιιιι,Ι
1767 3299 1791 3352 si
1809 3297 1879 3354 ube.

237 3359 284 3430 46.
301 3355 462 3416 Stoclrmans
480 3353 539 3410 Cur.
557 3350 685 3408 Brabanr.
704 3350 784 3407 decis.
802 3366 845 3408 aa.
864 3353 924 3408 licet
940 3365 1039 3422 aspar·
1072 3367 1114 3406 ros
1131 3367 1147 3406 a
1163 3355 1332 3410 successione
1349 3366 1510 3426 pareutum,
1537 3363 1577 3414 uti
1596 3359 1688 3418 multis
1711 3365 1742 3422 in
1759 3371 1879 3440 regioni·

237 3449 265 3490 cc
280 3427 459 3504 inmitem.
478 3421 573 3496 Neque
590 3423 713 3492 interest,
729 3439 765 3480 an
783 3420 864 3479 liberi
879 3421 1043 3496 aiios,quam
1072 3418 1120 3480 bus
1137 3421 1168 3476 in
1188 3417 1293 3478 filiabus
1312 3422 1338 3481 id
1354 3427 1531 3484 constitutum
1541 3445 1550 3493 ;
1567 3433 1589 3484 si
1606 3429 1721 3502 denique
1744 3431 1877 3496 frarem

158 3543 163 3555 .
236 3504 282 3575 qni
302 3499 400 3566 tabulis
417 3493 553 3554 dotalibus
570 3493 683 3564 expressi
703 3490 830 3566 fuerant,
853 3493 1041 3567 instituerint,
1070 3489 1185 3548 statuum
1201 3493 1365 3549 successione
1392 3492 1512 3569 legitima
1540 3513 1656 3556 renotos
1684 3522 1788 3574 ponas,
1815 3525 1874 3568 non

235 3593 273 3633 an
291 3571 399 3631 eosdem
415 3564 536 3638 partibus
553 3565 647 3623 iisdem
664 3561 809 3634 iisdemque
836 3565 937 3622 modis.
964 3561 1041 3624 Nam
1068 3561 1249 3620 dubitandum
1266 3563 1385 3635 videtur,
1403 3567 1469 3637 quin
1486 3565 1529 3624 his
1545 3569 1670 3630 omnibus
1686 3576 1717 3629 in
1734 3591 1891 3644 parentum.

235 3645 390 3704 cum-omni
408 3641 437 3693 in
446 3651 517 3694 *casn
534 3653 591 3691 non
611 3637 638 3689 vi
656 3632 748 3705 pabii,
771 3634 817 3692 sed
834 3637 990 3694 testamenti
1009 3633 1041 3690 li-
1069 3646 1115 3690 aar
1132 3629 1278 3690 liberorum
1296 3630 1444 3694 fratrumve
1461 3649 1624 3700 testamento
1646 3649 1786 3711 preteritis
1811 3667 1877 3721 quq.

234 3715 325 3787 nafis‚
352 3703 534 3769 beralitatetn
550 3703 650 3763 deferri
675 3701 849 3762 manifestum
874 3711 928 3778 sit,
955 3722 1041 3774 neque
1070 3703 1128 3763 tela
1145 3707 1174 3758 in
1192 3714 1280 3762 totum
1297 3707 1334 3760 sit
1350 3705 1530 3779 deneganda,
1551 3713 1608 3768 sive
1624 3715 1765 3774 institutos
1789 3737 1877 3792 pom.

234 3785 305 3843 iilius
324 3793 466 3854 parennem
483 3777 674 3848 paciscentium
693 3775 838 3845 beneiicio,
864 3776 910 3832 sed
928 3779 1039 3844 proprie
1069 3791 1127 3832 mus
1142 3775 1265 3845 medem,
1284 3792 1349 3843 quos
1366 3777 1394 3834 dr
1411 3789 1546 3850 staurtunr
1574 3779 1688 3840 vocabat
1713 3789 1750 3846 ad
1776 3795 1877 3850 mecer-

234 3855 411 3920 liberaiitnri‚
429 3849 613 3906 hereditatem
631 3863 676 3912 per
694 3848 831 3904 institutos
847 3855 957 3912 eccepto
974 3841 1040 3913 ferri
1067 3851 1170 3902 sionem
1187 3846 1387 3918 intestatorun‘,
1403 3849 1461 3906 sive
1479 3848 1546 3907 alios
1562 3855 1721 3914 remotiores
1740 3859 1781 3918 vel
1793 3863 1878 3922 etiarn

235 3928 370 3991 voluerit,
388 3918 493 3978 inficias
511 3921 550 3976 ire
569 3913 658 3976 nuilus
674 3922 783 3986 poterit,
801 3920 866 3988 quin
884 3933 916 3972 ea
934 3922 1039 3974 ratione
1061 3925 1174 3986 ‘prorsus
1190 3929 1333 3982 extraneos
1350 3915 1428 3975 nullo
1443 3926 1582 3993 sanguinis
1599 3940 1673 3983 nexu
1698 3925 1877 4002 eonjundioe.

233 4011 310 4067 pater
328 4013 383 4052 non
402 3993 429 4046 vi
447 3986 518 4062 podii
537 4001 583 4046 aut
600 3989 711 4060 proprie
734 3989 964 4060 renuntiationis,
991 3988 1038 4046 sed
1068 3989 1139 4046 Cum
1155 3987 1230 4044 enirn
1246 3987 1301 4057 jam
1316 3990 1450 4046 monitum
1472 3995 1530 4064 sit,
1556 4012 1589 4050 ac
1615 3998 1645 4054 in
1670 4017 1743 4071 seqq.
1771 4001 1879 4070 plenius
1919 4029 1922 4036 ·

138 4067 142 4074 '
232 4067 284 4127 filii
301 4069 342 4124 sui
369 4059 485 4133 iudicio,
501 4065 531 4120 br
548 4062 588 4117 ita
605 4072 698 4116 contra
716 4057 823 4130 pietatis
837 4053 929 4114 osbcia
950 4054 1039 4114 sibia
1067 4056 1272 4127 explicandum,
1303 4054 1453 4130 legitimam
1467 4080 1524 4122 esse
1549 4077 1653 4134 partem
1677 4073 1811 4140 ponionis
1839 4075 1897 4131 ab,

232 4137 293 4197 nno
309 4136 419 4207 debita,
437 4131 558 4191 exclusus
574 4133 628 4188 sir.
647 4127 741 4202 Neque
758 4144 858 4186 novum
874 4127 941 4186 adeo
958 4141 1038 4199 atque
1067 4130 1199 4186 intestato
1216 4127 1331 4199 debite,
1357 4143 1439 4204 atque
1456 4133 1525 4192 adeo
1542 4153 1652 4195 omnem
1672 4158 1750 4198 aram
1764 4143 1878 4204 relatio-

231 4219 384 4277 snsnetum,
409 4219 440 4262 ut
457 4203 577 4261 botninis
601 4203 630 4261 di
692 4203 743 4256 itio
767 4199 882 4260 eandem
908 4199 1039 4259 inducens
1068 4215 1129 4256 nem
1146 4193 1246 4283 babeat
1262 4198 1297 4257 ad
1313 4201 1450 4282 intestata
1466 4211 1641 4266 successionis
1666 4207 1745 4286 ᾑιιι,
1771 4218 1877 4288 optime

230 4269 371 4341 lesionem
387 4291 469 4347 quam
485 4273 528 4331 vel
546 4273 588 4330 lex
606 4291 638 4328 ve
666 4269 791 4330 voluntas
809 4269 921 4326 alteriiu
938 4271 1037 4330 intule·
1067 4288 1133 4328 sane
1150 4282 1257 4328 ratione
1274 4270 1402 4332 traditum
1420 4275 1546 4334 existimo
1563 4297 1579 4336 a
1599 4277 1888 4361 inrisinterpretibup,¹

232 4367 276 4412 rat
317 4343 411 4408 eodem
422 4359 518 4404 tanen
536 4341 593 4416 jure
610 4340 683 4400 baud
700 4343 861 4399 seinetn.
889 4339 936 4396 Sic
962 4343 1037 4398 enim
1057 4340 1215 4412 ‚legitimam
1232 4355 1368 4410 nunquam
1386 4342 1439 4402 illis
1455 4365 1512 4406 esse
1534 4348 1654 4408 debitam
1678 4369 1695 4422 q
1716 4361 1723 4372 ·
1800 4358 1877 4418 ἀρὴ.

230 4415 261 4486 δι’
279 4395 336 4497 jisre
352 4416 446 4487 ciuili,
471 4433 533 4473 curn
552 4413 601 4472 iiiii
618 4413 758 4471 hereditas
779 4415 813 4492 'vi
840 4408 1038 4469 substitutionis
1066 4424 1124 4469 tum
1143 4428 1198 4468 non
1216 4425 1256 4469 est
1272 4430 1291 4496 ι
1308 4410 1428 4495 ΙιμιιΙ
1445 4429 1548 4476 statuto
1564 4424 1696 4484 successio
1763 4426 1803 4486 ab
1828 4431 1875 4488 in.

231 4483 746 4624 ruditis-inii‘siiii
767 4476 1037 4622 diribitis
1064 4481 1358 4610 iiiiiii‘ii
1371 4485 1576 4628 lisinii
1595 4497 1625 4550 ””
1641 4497 1778 4622 ‘iim
1810 4500 1873 4631 ⁰⁰i·

1113 4594 1137 4608 ··
1172 4595 1180 4610 ·
1219 4596 1226 4610 ·
1263 4593 1270 4607 ·
1301 4594 1308 4608 ·
1443 4597 1449 4610 ·
1568 4585 1612 4622 .n
1630 4585 1667 4620 m.
1860 4603 1875 4618 .

230 4579 412 4704 ibbitteniii,
427 4631 491 4703 quia
509 4597 572 4687 non'
585 4625 654 4684 lilius
671 4629 725 4696 ipse
741 4622 889 4708 excluserat
898 4664 908 4693 ‚
925 4622 970 4682 sed
1006 4641 1036 4680 a·
1064 4622 1106 4682 ius
1122 4624 1154 4680 de
1180 4623 1230 4682 ἰιι
1243 4627 1449 4698 primogenitura
1465 4647 1555 4702 quast.
1573 4587 1629 4691 55?
1635 4657 1709 4696 nene
1715 4567 1875 4717 gygibeq.

231 4725 290 4768 ter:
309 4709 326 4764 i.
346 4707 509 4776 Papinianus
526 4697 552 4756 8.
571 4691 597 4784 ᾗ.
616 4695 665 4752 red
678 4714 725 4754 uec
742 4693 881 4765 impuberis
908 4691 934 4750 5.
982 4693 1033 4751 .b.
1065 4644 1215 4754 Berliobus
1232 4693 1310 4751 concl.
1328 4701 1412 4768 panii.
1427 4709 1521 4770 pas-tic.
1539 4720 1565 4761 a.
1584 4709 1665 4771 conci,
1687 4710 1727 4768 16,
1738 4733 1814 4772 m,
1824 4663 1872 4788 17,

231 4799 254 4836 ι.
272 4791 364 4834 tamen
381 4777 496 4832 omnino
513 4768 680 4828 admittenda
698 4779 785 4824 mater
802 4779 877 4836 erat,
903 4784 926 4822 st
942 4783 959 4821 a
978 4763 1035 4823 fiio
1062 4763 1280 4850 lacobusCoren
1299 4765 1426 4830 obseruas.
1449 4791 1488 4832 ro.
1507 4795 1581 4834 narn.
1610 4776 1654 4847 ad.
1681 4779 1714 4844 ρι
1740 4803 1807 4856 seqq.
1835 4787 1878 4844 al

231 4847 285 4922 jam
302 4847 399 4919 pubere
417 4841 489 4902 saiio
505 4860 538 4900 ac
562 4849 752 4898 testamentum
778 4839 911 4919 condente
938 4833 1034 4895 suisset
1062 4857 1136 4895 num.
1164 4840 1206 4917 ai.
1235 4833 1316 4913 lingo
1335 4839 1449 4900 Grotius
1476 4847 1705 4912 menadinii-‚ad
1727 4854 1797 4920 iuris
1863 4873 1880 4916 .*

229 4921 378 4994 preterita,
402 4915 464 4976 licet
481 4917 505 4972 is
520 4911 627 4970 cosdem
645 4927 718 4967 nunc
735 4907 788 4968 sibi
813 4913 960 4976 scripsisset
978 4907 1032 4968 ba·
1061 4905 1133 4966 Hali.
1154 4907 1199 4968 lib.
1218 4925 1243 4968 2.
1262 4911 1289 4968 C.
1322 4909 1362 4980 rii.¹
1388 4937 1414 4972 n.
1441 4932 1486 4978 ai·
1513 4915 1645 4994 Respons.
1671 4918 1764 4990 JCtor.
