3994 5348
663 165 729 244 Qui
753 164 890 244 potiores
908 163 947 225 in*
961 165 1096 244 Pignore
1112 167 1163 230 vei
1180 164 1239 229 isc.
1685 161 1754 234 2⁵3

143 255 208 320 dum
222 272 312 313 mores
330 265 453 318 nostem,
481 248 510 304 in
530 254 607 308 naris
623 251 818 319 resedionems
837 257 915 327 idque
933 260 961 310 in
992 255 1135 326 privilegio
1161 262 1188 312 in
1207 254 1491 318 omnibns-debitoris
1509 255 1602 316 :bonis’
1623 255 1735 316 habent.
1765 257 1808 318 lte

146 330 209 398 ipsis
226 327 280 384 illis
298 326 397 384 edibus
415 324 580 394 navigiisque
594 324 707 394 essenis,
727 343 782 382 non
795 327 861 382 item
880 337 907 381 in
919 343 963 382 ce·
994 344 1107 395 namque
1124 343 1180 394 rure
1198 325 1324 386 Romano
1342 327 1448 384 mulieri
1467 345 1514 399 pro
1540 330 1721 395 recuperanda
1744 331 1807 388 dote

144 401 209 456 teris
227 401 330 455 domini
351 395 447 459 bonis3
475 395 537 451 vide
556 395 636 452 latius
653 402 687 450 rit
706 413 729 450 2.
755 397 783 452 irr
800 395 869 465 quib.
889 415 964 452 caut.
993 400 1019 454 dr
1039 398 1112 454 dotis
1125 414 1268 468 augmento
1280 418 1302 454 ,e
1313 399 1355 454 die
1373 407 1510 470 augmenti
1521 397 1671 470 hypotheca
1682 416 1742 456 cum
1753 401 1809 470 pri·

140 471 207 542 p'qn.
226 475 268 524 vel
286 465 384 537 hyporb.
402 486 428 521 n.
449 461 490 520 28.
511 479 552 535 29.
574 464 787 522 ndnscdorninr
806 470 965 534 prediorum
995 465 1095 536 vilegio
1113 482 1178 524 ante
1195 471 1262 526 elios
1279 471 1404 540 erigendi
1423 468 1485 540 fult,
1503 475 1540 524 sic
1559 485 1590 526 ut
1608 475 1632 528 ei
1646 469 1697 525 soli
1711 471 1809 527 cedere

143 538 293 596 locatorum
312 543 341 595 in
360 535 513 594 rnveursu
535 534 637 607 illatis,
655 539 757 605 quoties
783 555 814 592 ea
840 537 964 606 praecludi
993 536 1114 594 debuerit
1132 541 1178 607 qui
1196 544 1224 594 in
1249 541 1375 595 militiam
1403 541 1544 596 emendam
1570 541 1723 604 credidisset
1749 556 1811 596 cum

142 612 307 678 curaverint,
325 607 350 662 d.
369 624 389 662 r.
410 624 433 660 2.
452 627 478 660 n.
498 601 526 658 5.
542 611 567 662 ἃ
589 619 618 662 ut
641 607 730 663 brevis
745 614 815 672 sim,
840 606 964 676 ,eneruli-
995 625 1117 680 expresso
1137 607 1216 674 pauo
1234 615 1262 664 in
1281 613 1439 678 scripturam
1460 607 1585 681 redebio,
1604 623 1634 667 ut
1652 609 1748 666 militia
1768 615 1810 679 pi·

123 693 182 746 ¹ter
200 697 295 736 omnes
314 677 364 748 illi,
382 696 447 748 quos
467 675 622 745 vellegibus
643 677 813 750 velmoribus
832 625 964 748 hypothe·
994 680 1072 747 gnori
1091 680 1136 746 sit,
1153 697 1185 736 ac
1203 681 1275 748 peris
1294 678 1374 736 luerit
1396 675 1458 743 iuris
1484 698 1544 736 cum
1562 701 1612 750 eo,
1639 686 1684 750 qui
1703 683 1809 738 intem

142 767 203 806 carn
222 753 250 803 in
272 747 349 804 rebus
366 745 549 819 singularibus
567 763 612 802 aut
624 751 781 806 retentionis
802 763 839 811 rus
858 747 965 815 hebere,
994 752 1134 807 emendum
1151 765 1214 806 cum
1230 766 1352 818 expresse
1372 752 1811 822 pignorisconventronenummot

142 822 173 877 in
191 819 217 875 d.
236 823 273 876 tir
291 837 314 873 2.
334 840 362 873 n.
375 819 416 888 ab.
435 813 522 870 3051.
542 815 701 872 adnotatum
710 832 760 874 est.
780 820 836 943 lsiui
853 818 964 883 proinde
994 816 1219 889 subministravit,
1235 821 1316 878 novel.
1335 835 1378 890 97.
1398 840 1421 875 c.
1439 820 1480 874 hir
1497 841 1649 892 campumt
1666 817 1692 873 5.
1702 819 1728 888 4.
1739 819 1811 888 qnod

141 896 183 948 sin
203 889 242 946 uli
263 895 290 943 in
310 889 387 948 rebus
404 885 586 955 singularibus
614 887 665 941 sibi
686 889 741 959 lege
757 903 790 942 ve
821 906 893 942 more
918 889 964 946 de·
994 891 1075 944 &ud
1092 905 1256 955 sponsamac
1274 907 1384 950 uxorem
1395 893 1546 958 putativam
1556 891 1746 963 porrigendum
1758 887 1810 946 fuit

141 963 188 1016 vin
220 964 257 1029 is,
286 961 329 1018 vel
349 957 403 1016 iure
430 957 592 1014 retentionis
610 970 676 1014 ente
697 959 801 1014 reddita
829 959 964 1025 impendia
994 975 1051 1028 urg.
1071 961 1089 1010 Ι.
1107 964 1244 1027 puerpura
1265 973 1306 1028 17.
1324 951 1351 1033 d.
1370 963 1394 1015 si
1411 974 1500 1028 sponsa
1522 981 1544 1018 r.
1557 960 1592 1028 ff.
1608 961 1641 1017 de
1659 959 1711 1016 reb.
1737 961 1810 1017 audi.

142 1029 216 1090 fabia
235 1049 290 1085 non
311 1030 500 1091 restituendis,
521 1033 636 1093 potiores
653 1041 732 1084 erunt
750 1028 812 1081 aliis
830 1041 886 1082 tu'u
906 1026 964 1084 chi·
990 1027 1053 1096 jud.
1071 1028 1162 1094 possid.
1181 1032 1198 1084 Ι.
1219 1032 1242 1084 si
1260 1045 1353 1097 sponsa
1373 1027 1414 1101 74.
1428 1026 1465 1099 ff.
1481 1029 1592 1102 dejure
1608 1031 1689 1087 donl.
1709 1033 1732 1087 rr'
1749 1048 1810 1086 curre

142 1097 323 1173 rographuriis
342 1115 400 1155 tum
419 1095 636 1167 hypothecariis,
655 1113 789 1164 utcunque
816 1094 964 1167 hypotheca
994 1096 1080 1152 dorem
1099 1115 1142 1150 22.
1161 1093 1188 1171 §-
1207 1101 1254 1156 ulr.
1280 1097 1313 1168 ᾖ
1341 1111 1423 1156 saturo
1450 1107 1605 1157 rarissimae.
1633 1099 1671 1157 lde
1689 1102 1812 1170 quumvis

142 1170 349 1229 conventionali
377 1183 500 1236 expressa
531 1166 572 1223 uel
592 1167 672 1240 legali
699 1174 755 1224 sive
773 1169 891 1237 generali
910 1171 966 1224 sive
994 1168 1132 1222 eutraneis
1150 1167 1291 1226 heredibus
1309 1169 1459 1240 hypotheca
1478 1171 1552 1242 sola,
1570 1188 1625 1229 non
1644 1176 1708 1228 irem
1727 1172 1810 1238 privi-

142 1240 249 1310 speciali
269 1246 403 1296 ant:riore
420 1241 532 1294 munitis
551 1238 582 1306 (si
604 1255 786 1304 puucoscuurs
804 1239 965 1305 excipiasde
997 1237 1096 1313 legium
1114 1238 1366 1303 prelationisinter
1385 1239 1604 1314 hypothecarios,
1621 1254 1765 1309 competat,
1782 1233 1809 1311 d.

142 1310 238 1382 quibu,
249 1312 276 1362 in
297 1331 359 1379 seqq.
370 1309 395 1366 i.
413 1304 447 1378 r.)
458 1309 540 1364 veluri
567 1311 692 1365 deminus
706 1305 822 1366 dissitus
842 1305 966 1364 infundo
988 1313 1083 1378 fueras
1102 1320 1145 1376 29.
1164 1308 1232 1365 Imr.
1250 1309 1281 1364 de
1299 1312 1413 1366 autiion.
1433 1310 1611 1369 liberitamen
1624 1329 1698 1370 exeo
1715 1313 1810 1365 matri-

144 1379 390 1450 emphyteuticario
407 1398 456 1446 pro
474 1397 580 1434 canone
598 1392 645 1435 aut
655 1377 763 1446 solario,
781 1379 906 1434 dominus
919 1396 965 1432 an-
997 1382 1088 1430 monio
1105 1385 1238 1449 progeniti
1257 1381 1367 1446 perinde
1384 1380 1566 1449 prelationem
1584 1381 1704 1450 habent,
1732 1396 1764 1436 ac
1787 1381 1811 1436 si

144 1453 236 1523 riqtrus
256 1452 283 1502 in
304 1444 390 1504 sundo
407 1448 527 1503 censuali
539 1467 586 1515 pro
604 1467 702 1513 censen·
720 1448 844 1504 venditor
864 1453 890 1502 in
903 1467 966 1515 pre·
997 1461 1082 1504 mater
1102 1447 1294 1506 eorumadhuc
1313 1451 1472 1519 vivensipsa
1491 1458 1596 1523 egisset,
1613 1452 1812 1508 adenutetiam

142 1522 190 1580 dio
208 1520 317 1575 vendito
334 1535 366 1572 uc
384 1519 486 1574 tradito
496 1517 650 1574 solemniter
668 1538 698 1572 ea
709 1517 775 1589 lege,
795 1535 824 1573 ur
844 1537 890 1585 pro
901 1537 963 1584 pre·
996 1535 1029 1574 err
1048 1520 1175 1583 temporis
1193 1525 1366 1594 prerogativa
1386 1539 1566 1580 novercaesuc
1577 1515 1812 1590 preferendum,

143 1591 185 1646 tio
202 1589 310 1646 residuo
328 1588 479 1658 obligatum
497 1590 552 1653 sits
572 1594 732 1645 universitas
749 1605 874 1659 agrorum
886 1607 966 1659 agge-
998 1589 1049 1642 nisi
1066 1605 1107 1644 res
1125 1593 1200 1657 ipsu,
1230 1608 1275 1658 per
1293 1609 1435 1648 nuvercam
1454 1595 1483 1648 in
1500 1593 1591 1650 dotem
1608 1593 1696 1660 dats,
1722 1589 1811 1646 adhuc

144 1660 219 1716 ribus
237 1662 403 1716 munitorum
421 1661 450 1715 in
468 1658 580 1728 singulis
600 1662 701 1726 prediis
721 1677 768 1725 pro
781 1670 839 1714 rata
858 1677 904 1726 pro
916 1663 966 1713 im·
997 1664 1113 1712 enitent
1132 1664 1160 1712 in
1179 1667 1342 1726 patrimonio
1360 1667 1460 1728 mariti,
1479 1663 1495 1716 Ι.
1514 1663 1564 1719 ult.
1585 1657 1613 1733 p.
1634 1679 1656 1716 r.
1677 1667 1705 1718 in
1715 1657 1773 1730 fine
1783 1661 1811 1716 C.

144 1735 268 1801 pensisiu
281 1747 417 1812 aggerum,
435 1728 652 1786 molendinorum
662 1733 860 1796 aquaticorum,
879 1745 965 1800 aque·
997 1725 1021 1782 b.
1040 1743 1060 1780 t.
1080 1725 1163 1796 junii.
1182 1731 1200 1784 Ι.
1221 1732 1250 1784 in
1276 1729 1351 1786 rebus
1370 1727 1413 1788 50.
1433 1733 1461 1788 C.
1479 1730 1511 1785 de
1531 1732 1598 1801 jure
1620 1729 1673 1786 dor.
1691 1751 1749 1788 eon.
1768 1743 1813 1803 91.
1882 1739 1884 1746 ’

143 1796 282 1867 drumm,
301 1800 482 1866 similiumque
500 1803 698 1865 reparationem
727 1795 813 1854 ludin.
840 1799 965 1870 idemque
997 1812 1051 1874 rqp.
1067 1815 1089 1852 r.
1110 1795 1293 1870 Negusantius
1312 1801 1343 1854 de
1359 1805 1385 1870 pi
1399 1801 1580 1870 ernnust.
1594 1797 1813 1871 membropuarro

145 1873 179 1929 de
198 1873 292 1940 ceteris
308 1872 353 1926 sir.
373 1888 399 1925 2.
417 1872 581 1926 enumeratis
599 1867 729 1938 iudicium
747 1882 814 1924 esto.
996 1871 1078 1934 partis
1096 1869 1212 1924 secunda
1229 1891 1302 1928 num.
1321 1869 1364 1926 liii.
1380 1822 1538 1928 iiudelinus
1547 1873 1650 1943 dejure
1659 1874 1755 1928 noeirs.
1767 1869 1812 1926 lib.

184 1955 227 1996 ιο.
247 1937 330 2008 Quod
348 1944 369 1996 si
387 1943 505 2012 cumiis,
521 1943 566 2011 qui
584 1939 757 2009 crediderunt
773 1942 800 1992 in
820 1943 966 1994 emtionem
994 1936 1023 2004 A.
1042 1953 1099 2002 sap.
1121 1941 1159 1993 stt
1181 1960 1244 1996 vers.
1263 1957 1355 2009 preter·
1357 1941 1417 2012 jur,
1435 1945 1464 1996 in
1471 1941 1532 2012 pire,
1549 1960 1595 1999 seu
1605 1961 1630 1996 n.
1645 1959 1686 1996 rr.
1705 1937 1740 1996 Ι).
1760 1939 1813 1999 So-

147 2011 226 2067 nnsis
245 2023 291 2065 aut
310 2007 417 2069 edificii
435 2027 496 2068 curn
513 2026 635 2077 expresso
652 2010 731 2078 padio
747 2008 902 2066 solemniter
920 2009 964 2061 in·
998 2025 1088 2064 meren
1106 2008 1138 2062 de
1156 2012 1216 2076 jure
1232 2029 1404 2068 novercarum
1422 2028 1479 2080 cap.
1497 2011 1522 2066 li.
1533 2034 1558 2068 n.
1577 2009 1605 2066 6.
1620 2014 1649 2068 in
1658 2007 1711 2082 fin.
1730 2005 1813 2081 Quod

145 2079 287 2150 terposito,
306 2093 335 2134 ut
353 2079 449 2138 domus
466 2095 512 2135 unt
533 2085 609 2136 navis
626 2095 716 2146 empta
734 2081 841 2148 pignori
858 2082 903 2150 sit,
921 2091 966 2134 aut
997 2095 1087 2136 autern
1104 2076 1206 2136 didium
1216 2080 1249 2138 de
1269 2079 1418 2154 hypotheca
1430 2101 1477 2149 pro
1494 2083 1721 2155 doriseugmento
1739 2083 1810 2139 odie

146 2150 228 2208 idem
248 2148 402 2208 habuerunt
419 2151 452 2208 de
471 2151 557 2216 pretio
573 2153 668 2208 domus
692 2167 753 2206 ase
772 2151 884 2206 vendite
902 2165 963 2204 cum
997 2155 1134 2221 augmenti
1163 2150 1190 2208 id
1210 2157 1295 2216 primo
1312 2153 1417 2220 quidem
1434 2155 1602 2223 eopertinet,
1620 2166 1658 2222 ut,
1675 2158 1697 2206 si
1716 2150 1811 2208 mulier

147 2219 234 2278 simili
250 2219 364 2276 solemni
384 2223 503 2292 pignoris
519 2217 599 2288 pauo
616 2233 734 2288 tempore
747 2220 903 2278 traditionis
921 2236 966 2288 ap·
998 2237 1070 2276 unno
1088 2191 1197 2276 abhinc
1214 2217 1312 2278 ottavo
1323 2222 1416 2279 dotem
1433 2222 1546 2294 dederit,
1562 2233 1738 2295 augmentum
1748 2235 1812 2280 anta

147 2294 247 2360 posito,
268 2291 435 2346 contendant
454 2290 505 2358 illi,
522 2299 566 2359 qui
583 2292 707 2357 deinceps
725 2295 754 2344 in
779 2306 856 2346 emtas
874 2289 967 2346 domus
997 2303 1112 2359 quatuor
1132 2309 1228 2361 annos,
1246 2290 1292 2348 sed
1309 2292 1332 2346 si
1351 2296 1446 2350 tertius
1463 2307 1527 2350 ante
1543 2312 1590 2350 sex
1608 2307 1693 2350 annos
1711 2296 1813 2349 marin

145 2362 282 2418 rutnavis
295 2356 828 2430 credideruntrefebiionem,potioresin
848 2357 967 2414 illa'navi
997 2361 1138 2418 credid.rit
1158 2362 1186 2414 in
1205 2369 1350 2417 emtionem
1369 2361 1447 2420 fundi
1465 2363 1622 2421 Corneliani
1640 2379 1702 2418 cum
1719 2361 1812 2432 uno,

146 2445 194 2488 aut
212 2431 400 2500 domuerunt,
417 2437 462 2502 qui
482 2432 510 2486 in
530 2451 558 2488 re
577 2428 752 2490 retentorem
770 2446 801 2484 ec
820 2447 966 2492 conserva·
993 2441 1027 2486 ut
1048 2427 1146 2496 fundus
1163 2427 1210 2488 ille
1228 2434 1333 2503 pignori
1351 2438 1385 2490 sit
1394 2452 1407 2496 ,·
1432 2432 1530 2490 mulier
1548 2451 1595 2503 pro
1612 2435 1676 2490 dote
1702 2451 1811 2502 recupe-

148 2505 253 2558 tionem
262 2497 507 2572 eiuscrsdiderunt,
525 2499 588 2560 licet
598 2515 714 2571 tempore
725 2501 895 2565 posteriorem
924 2502 967 2556 uia
999 2501 1083 2557 randa
1102 2503 1218 2568 primum
1235 2506 1265 2556 in
1284 2498 1369 2560 fundo
1387 2503 1554 2562 Corneliano
1571 2502 1813 2561 iocumobtenrurs

145 2572 243 2628 horum
262 2573 373 2640 pecunia
390 2571 568 2630 creditoribus
584 2569 765 2628 anterioribus
782 2567 883 2626 salvum
904 2519 967 2624 licit
998 2573 1051 2635 sit,
1067 2571 1131 2628 dein
1149 2577 1185 2638 is,
1203 2572 1249 2638 qul
1266 2583 1331 2628 ante
1348 2589 1395 2628 sex
1412 2589 1499 2629 annos
1518 2575 1548 2631 in
1566 2570 1645 2631 fundi
1664 2572 1737 2629 illius
1752 2591 1812 2634 em-

147 2647 231 2702 totius
250 2644 368 2714 pignoris
386 2659 514 2714 cernam,
539 2644 558 2698 Ι.
577 2641 712 2698 interdum
730 2637 756 2695 5.
776 2639 794 2694 Ι.
811 2637 838 2694 ts
854 2633 888 2705 ᾖ
906 2637 928 2692 b.
947 2656 966 2695 r.
1000 2644 1101 2698 tionem
1119 2657 1181 2697 eum
1199 2658 1325 2710 eupresso
1345 2644 1463 2714 pignoris
1481 2639 1689 2714 puuocredidtt,
1706 2661 1737 2700 ac
1748 2657 1811 2702 tan·

144 2713 215 2784 imo,
233 2715 255 2768 si
273 2711 321 2768 alii
340 2717 422 2784 prius,
438 2711 485 2768 alii
504 2724 594 2780 postea
613 2711 776 2769 crediderint
796 2715 822 2764 in
842 2705 967 2766 reieuio-
998 2712 1060 2770 dem
1077 2728 1111 2768 ex
1128 2728 1170 2782 eo,
1187 2711 1256 2782 quod
1273 2726 1392 2780 superest
1409 2729 1441 2770 ex
1460 2711 1531 2770 illius
1550 2709 1626 2770 fundi
1643 2718 1728 2786 pretio
1763 2714 1813 2774 do·

147 2800 220 2853 nem,
240 2799 295 2838 non
313 2783 372 2840 sine
389 2787 496 2841 ratione
514 2783 642 2840 contendi
661 2792 758 2851 posset,
777 2780 909 2850 posterius
926 2797 967 2834 re·
1000 2785 1033 2846 tis
1050 2794 1225 2852 augurentum
1242 2780 1350 2840 mulieri
1368 2783 1503 2840 reddatur.
1522 2780 1577 2842 Sed
1603 2787 1630 2841 dr
1648 2753 1765 2842 secundo
1783 2783 1811 2844 id

146 2850 270 2914 teutonis
287 2853 418 2910 creditum
436 2860 524 2922 potins
541 2864 623 2921 atque
640 2856 776 2921 potentius
786 2869 842 2906 esse
858 2860 967 2917 oporte·
999 2847 1093 2922 efficit,
1111 2862 1151 2919 ur,
1168 2852 1192 2907 si
1208 2863 1351 2908 extraneus
1369 2849 1444 2909 heres
1462 2851 1591 2922 mulieris,
1608 2853 1644 2910 ed
1661 2873 1738 2925 quem
1757 2853 1810 2925 hy-

148 2943 188 2991 re,
207 2939 288 2990 quam
307 2925 387 2992 prius,
406 2925 467 2990 quie
486 2926 512 2982 u
534 2923 580 2988 hic¹
596 2940 688 2980 uerum
706 2934 755 2991 est,
772 2937 804 2976 ex
822 2924 968 2992 posteriore
1034 2919 1115 2978 thece
1131 2921 1240 2990 quidem
1257 2919 1314 2992 jus,
1331 2933 1360 2976 at
1378 2941 1434 2978 non
1458 2923 1627 2996 privilegium
1653 2938 1719 2982 ente
1743 2921 1812 2980 alios

146 2993 250 3050 credito
267 2991 369 3049 saluam
388 3011 443 3049 esse
460 3011 568 3051 causam
586 2995 669 3050 totius
687 2992 815 3062 pignoris,
832 2989 902 3060 quod
922 3006 968 3056 pro
1017 2989 1206 3063 ypothecarios
1222 3007 1345 3058 tempore
1362 2995 1465 3062 priores
1481 2995 1607 3068 exigendi
1625 2999 1742 3064 transit,
1763 3011 1814 3065 pro

147 3069 286 3120 anteriore
304 3058 449 3120 refeblione
468 3061 522 3130 jam
538 3063 640 3134 exlege
656 3057 811 3121 devint‘ium
828 3073 896 3128 erat,
913 3077 967 3130 arg.
998 3065 1069 3120 dotis
1086 3076 1232 3188 augmento
1258 3064 1382 3129 postponi
1399 3062 1494 3120 debent
1511 3063 1702 3122 omnibusillis
1719 3067 1813 3122 mariti

148 3132 176 3192 d.
194 3134 212 3188 Ι.
233 3131 258 3190 5.
278 3131 311 3194 (gr
329 3131 357 3190 6.
373 3129 406 3201 ff.
425 3131 451 3188 i.
470 3149 490 3188 t.
514 3135 552 3192 lta
569 3131 665 3192 saltem
683 3135 753 3189 inter
769 3149 831 3200 eos,
847 3130 893 3202 qui
911 3145 968 3184 ma·
999 3133 1125 3206 creditori
1144 3150 1184 3204 us,
1198 3130 1293 3211 quibus
1310 3134 1382 3190 inter
1392 3137 1503 3200 primam
1520 3135 1610 3192 dotem
1618 3133 1711 3192 datam
1729 3136 1815 3194 &dc-

147 3205 233 3277 gistro
253 3205 331 3258 navis
348 3203 520 3262 crediderunt
537 3202 739 3274 opiiodemer'e
768 3203 898 3270 posterius
910 3218 968 3256 cre·
1000 3201 1035 3259 tis
1051 3219 1227 3274 augmentum
1242 3218 1282 3271 Jus
1299 3208 1417 3273 pignoris
1434 3202 1651 3260 conventionalis
1662 3202 1744 3262 velle
1764 3205 1814 3262 alis

148 3275 237 3333 ditum
257 3273 338 3341 priori
358 3270 474 3340 preferri
493 3291 527 3331 ex
548 3277 699 3332 inveterata
724 3243 880 3330 liollandie
903 3286 968 3326 con·
1000 3275 1028 3328 in
1048 3271 1125 3330 bonis
1144 3275 1235 3329 mariti
1254 3280 1393 3340 quesitum
1412 3269 1473 3328 fuit.
1493 3271 1545 3329 Pro
1571 3271 1649 3332 bonis
1668 3223 1814 3345 parapher-

145 3345 301 3413 suetudine,
318 3343 403 3400 tradit
420 3341 513 3402 unior
524 3342 758 3420 Responslurise.
780 3338 855 3398 Hoii.
870 3355 927 3409 pur.
942 3333 967 3394 3.
1002 3344 1043 3398 nis
1060 3341 1168 3401 mulieri
1185 3342 1293 3414 quidem
1310 3343 1404 3402 datam
1421 3340 1501 3400 fuisse
1518 3339 1728 3413 hypothecume
1747 3344 1816 3420 iege,

148 3417 198 3474 uel.
210 3431 235 3470 2.
254 3434 323 3472 conr.
334 3410 378 3470 56.
400 3411 712 3484 Roseboomco‘rruymm
729 3410 969 3484 panAmrrerdam
1000 3426 1030 3468 ut
1050 3415 1077 3472 u
1095 3415 1196 3474 marito
1214 3429 1261 3482 pro
1278 3411 1342 3472 dote
1361 3417 1488 3480 promissa
1506 3412 1646 3484 exigenda,
1663 3431 1695 3472 ec
1713 3433 1813 3484 prore·

148 3507 170 3544 c.
188 3485 231 3543 52.
250 3499 304 3550 arr.
322 3497 349 3556 9.
368 3480 433 3542 Nisi
442 3486 535 3544 eodem
555 3487 583 3542 in
602 3485 662 3542 loco
678 3483 766 3555 plures
783 3487 822 3540 ita
842 3486 969 3554 magistro
1000 3483 1150 3551 cuperunds
1161 3496 1277 3608 ,propter
1295 3485 1404 3550 nuptias
1420 3482 1580 3554 donatione,
1588 3484 1631 3540 rit.
1642 3499 1667 3538 2.
1682 3504 1756 3541 num.
1769 3502 1812 3542 20.

148 3556 319 3616 credidissent
338 3563 413 3612 intre
432 3555 647 3616 continuosobto
666 3557 813 3614 uutdecem
830 3551 896 3622 dies,
914 3567 967 3623 quo
1001 3551 1142 3622 probatum
1173 3555 1233 3611 uit:
1257 3553 1302 3612 sed
1321 3551 1489 3625 privilegium
1516 3565 1580 3611 ante
1606 3550 1672 3610 alios
1688 3555 1813 3629 erigendi

149 3641 213 3682 cusu
230 3642 276 3682 eos
293 3643 327 3682 es
344 3629 538 3684 consuetudine
554 3625 636 3682 simul
655 3643 813 3682 concurrere
840 3639 887 3690 pro
909 3634 969 3677 rata
1001 3629 1123 3694 nuspiam
1141 3635 1249 3694 apparet
1266 3625 1294 3678 in
1313 3621 1386 3679 hisce
1403 3640 1571 3693 consessum,
1588 3633 1617 3679 ut
1637 3635 1695 3692 post
1713 3627 1814 3687 nultos
1891 3638 1893 3642 ⁴

149 3694 186 3752 ed
203 3696 280 3754 navis
297 3695 421 3765 pretium,
438 3707 552 3754 testetur
570 3693 724 3757 Roreboom
732 3695 758 3754 d.
769 3714 790 3748 c.
801 3691 907 3749 5nau.
929 3709 970 3747 ro.
1001 3692 1068 3751 alios
1086 3691 1177 3752 Sande
1195 3691 1273 3748 dacis.
1293 3693 1385 3750 Frisic.
1403 3691 1448 3749 lib.
1466 3687 1492 3748 5.
1510 3695 1553 3748 tir.
1575 3710 1615 3748 ra.
1634 3689 1686 3764 sifi
1705 3691 1731 3751 5.
1749 3693 1814 3767 Qu·

148 3762 387 3836 Quemadmodum
405 3770 488 3822 etiem
505 3769 581 3823 inter
598 3784 661 3834 eos,
672 3766 724 3833 qui
742 3765 852 3821 diversis
869 3775 970 3832 tempo-
1001 3781 1082 3832 usque
1101 3773 1165 3822 uero
1182 3765 1281 3822 nostris
1289 3761 1410 3820 moribus
1427 3763 1548 3833 prelatio
1557 3765 1663 3821 ratione
1674 3764 1746 3824 dotis
1754 3784 1815 3824 mu·

150 3833 228 3894 ribus
246 3829 401 3901 ineiusdem
412 3833 690 3894 domuscrediderunt
701 3829 885 3900 refeuionem,
904 3849 970 3889 con·
994 3833 1112 3908 ,lieribus
1129 3837 1252 3904 supersit,
1268 3832 1322 3904 jam
1339 3848 1404 3890 ante
1420 3833 1446 3895 d.
1457 3835 1499 3889 tir.
1511 3849 1573 3890 an.
1592 3849 1635 3891 2ο.
1653 3835 1816 3898 adnotatum

149 3919 260 3966 cursum
277 3921 332 3962 esse
350 3919 482 3976 oportere,
500 3907 575 3975 quasi
593 3923 685 3962 omnes
704 3910 732 3959 in
750 3903 866 3964 eundem
883 3901 970 3962 credi-
1001 3918 1049 3963 est.
1069 3899 1154 3960 Porro
1171 3902 1267 3971 quibus
1285 3903 1430 3960 incasibus
1447 3903 1542 3962 mulier
1552 3910 1657 3960 ratione
1689 3908 1816 3976 otisprae-
1909 3955 1913 3965 .

150 3978 242 4036 derint
260 3991 380 4042 causam,
397 3980 437 4031 rei
448 3991 543 4044 nempe
561 3976 807 4044 conservationem,
825 3969 972 4040 iudicatum
1002 3973 1134 4031 lationem
1152 3971 1243 4046 haber,
1259 3975 1329 4032 iis&
1344 3969 1453 4030 arrham
1461 3974 1647 4043 sponsalitiam
1668 3973 1819 4036 denTroure

152 4041 235 4106 refert
253 4041 417 4104 Neostadius
436 4045 519 4103 Curia
546 4043 617 4103 Holl.
643 4044 722 4101 decis.
749 4039 792 4102 55.
812 4041 868 4100 Sed
884 4045 931 4114 δι,
948 4044 971 4098 si
1004 4039 1142 4117 Fenning)
1159 4049 1184 4101 ei
1204 4040 1259 4109 iure
1277 4045 1402 4114 precipui
1418 4062 1572 4116 cessuram,
1589 4047 1620 4100 in
1637 4041 1662 4101 F
1663 4047 1726 4102 risis
1745 4043 1816 4114 iudi-

151 4133 214 4177 cum
231 4133 274 4188 eo,
291 4117 337 4187 qui
357 4121 385 4172 in
404 4121 507 4188 aggeris
524 4118 551 4175 dr
570 4113 789 4172 molendinorum
798 4133 829 4170 ac
846 4113 971 4186 aquedu·
1002 4125 1093 4170 catum
1110 4125 1169 4180 est,
1187 4111 1279 4171 Ssnde
1296 4111 1350 4170 dec.
1370 4112 1462 4170 Frisic.
1480 4113 1524 4172 lib.
1543 4130 1570 4170 2.
1589 4117 1631 4172 rit.
1650 4131 1676 4171 2.
1694 4113 1769 4186 defin.
1786 4114 1814 4174 8.

150 4185 441 4258 binumsimiliumque
468 4183 642 4246 refeliionem
660 4185 793 4258 eredidit,
822 4183 971 4253 disceptent
1038 4199 1080 4240 22.
1099 4181 1179 4241 Fisco
1196 4201 1298 4254 quoque
1314 4184 1410 4268 agenti
1426 4201 1459 4239 err
1477 4202 1558 4242 causa
1575 4183 1737 4256 primipilari
1764 4183 1816 4262 hy-

148 4258 256 4323 dornini
274 4256 369 4316 direiii
390 4275 439 4326 pro
456 4273 561 4318 canone
579 4254 622 4314 vel
638 4253 748 4325 salario,
765 4257 850 4328 magis
867 4265 908 4311 est
942 4265 972 4310 ut
1004 4253 1118 4336 pothece
1134 4271 1198 4310 cum
1215 4252 1358 4326 privilegio
1375 4254 1439 4312 deta
1458 4249 1511 4312 suit
1529 4255 1558 4311 in
1585 4257 1679 4313 munia
1696 4255 1768 4312 bona
1785 4277 1816 4320 e·

151 4327 310 4401 preferatur
328 4331 441 4387 domino
458 4327 560 4386 diredlo
578 4327 660 4397 isqui
677 4325 793 4384 credidit
802 4333 831 4382 in
848 4321 904 4382 refe
932 4324 972 4378 io-
1004 4341 1054 4396 rus,
1071 4328 1115 4391 qui
1132 4342 1166 4381 err
1186 4341 1263 4384 ccrssa
1273 4323 1434 4394 primipilari
1441 4322 1581 4385 devrnuus
1595 4341 1665 4392 erat,
1682 4327 1699 4383 Ι.
1712 4344 1734 4384 ι.
1746 4327 1816 4384 Οὐ

154 4420 228 4472 nem,
246 4401 393 4458 secundum
410 4415 499 4460 mores
517 4411 624 4456 nostros
641 4393 831 4468 ¹hypothecam
859 4393 979 4467 legalem
1005 4393 1114 4452 condidi.
1134 4414 1164 4448 ee
1180 4394 1381 4469 legae,l.urilirar
1396 4389 1422 4452 5.
1452 4391 1706 4466 .ΙιρνὶηιὶρίΙο,ηιο
1716 4413 1770 4456 non
1783 4399 1812 4454 in

151 4471 277 4534 habenss
295 4469 409 4538 eoquod
427 4469 511 4528 &hic
529 4461 975 4534 salvenereditosuofecirrpsrnr
1006 4463 1084 4522 bonis
1102 4465 1204 4520 civium
1223 4482 1271 4534 pro
1287 4462 1408 4536 tributis,
1423 4462 1466 4537 (in
1492 4463 1587 4535 quibus
1609 4483 1709 4524 nervos
1725 4467 1814 4536 reipu-

152 4544 270 4602 dominii
289 4537 383 4600 direili
400 4555 520 4608 causam,
537 4557 569 4597 ex
588 4537 685 4610 quode
722 4537 786 4594 ndet
804 4501 974 4605 canonisdut
1006 4531 1080 4592 blice
1098 4553 1154 4594 esse
1172 4529 1304 4603 Ulpianus
1321 4535 1396 4591 dixit
1414 4535 1432 4592 Ι.
1447 4529 1506 4608 1.§.
1526 4536 1555 4592 t'rr
1571 4555 1655 4592 causa
1673 4552 1715 4594 ao.
1727 4531 1765 4606 ffi
1781 4535 1816 4594 de

151 4611 245 4670 salarii
266 4611 374 4682 petendi
392 4606 434 4678 jus
442 4633 453 4678 ,·
472 4627 529 4696 urg.
548 4609 574 4664 d.
594 4613 612 4666 Ι.
631 4607 657 4664 5.
675 4555 719 4670 &e
725 4605 753 4666 6.
765 4603 802 4677 ff.
822 4604 885 4662 b..t.
972 4635 977 4644 =
1006 4601 1150 4676 question),
1168 4613 1297 4674 precipue
1314 4605 1423 4675 quidem
1442 4607 1551 4686 inipsis
1576 4605 1686 4678 prediis
1708 4603 1817 4666 tributo

185 4699 232 4740 ar.
251 4683 378 4740 Vidimus
393 4681 427 4738 de
445 4678 621 4754 privilegiatis
639 4693 730 4742 rerum
738 4675 917 4748 singularium
935 4678 974 4744 pi·
1006 4674 1140 4745 obnoxiis,
1157 4673 1203 4734 red
1221 4692 1311 4734 tamen
1328 4679 1451 4734 etiamex
1470 4672 1662 4746 yureRomauo
1677 4677 1707 4734 in
1724 4675 1815 4735 omni·

142 4743 290 4832 fluoribus.
308 4752 380 4817 Sunt
406 4754 434 4812 bt
453 4753 499 4826 qui
528 4745 681 4825 generalem
709 4745 890 4822 hypothecam
914 4760 977 4807 cum
1007 4743 1056 4804 bus
1076 4743 1154 4804 bonis
1171 4762 1273 4822 eorum,
1291 4751 1336 4818 qui
1354 4744 1571 4807 inurentium
1586 4743 1664 4808 rebus
1681 4761 1738 4810 tum
1755 4765 1819 4845 pet·
