4022 5354
243 160 292 234 36
694 187 695 190 ’
854 168 924 232 Lib.
946 167 1022 232 Xll.
1049 167 1111 232 ιιι.
1138 167 1190 230 lV.
1762 207 1771 224 .

192 255 389 316 observandum
406 255 702 327 ett,2cceptilationem
718 255 802 318 velut
820 257 922 317 felium
939 279 1005 316 con·
1037 276 1099 316 nem
1117 257 1221 330 trahat,
1229 275 1261 314 ac
1276 277 1312 317 er
1332 251 1445 330 persom
1465 257 1597 322 heredum·
1609 259 1732 320 conditio
1748 255 1864 338 obliga

193 331 306 388 siderari
324 333 412 396 possit,
430 329 520 388 velut
538 329 701 388 solutionem
719 333 906 402 imaginariam
923 333 1005 387 adeo·
1036 333 1120 387 tionis
1139 349 1194 386 non
1218 345 1297 402 queat
1316 333 1472 402 itnmuart,
1499 349 1554 405 arg.
1568 333 1593 406 ι..
1612 334 1812 402 stipulationum
1830 350 1861 390 a.

193 413 245 468 que
264 397 355 458 ιιὲιιιιι
372 399 521 459 dationem.
541 400 573 458 Si
591 405 757 470 potissimum
774 417 805 460 ut
824 399 923 461 fabium
941 421 1005 458 cen·
1035 393 1062 472 9.
1081 422 1111 455 ee
1128 399 1169 457 ιιι·
1187 415 1204 456 a
1224 396 1263 475 ff:
1277 400 1310 480 dc
1328 399 1422 460 verbor.
1434 401 1540 476 obeat.
1550 401 1648 469 Neque
1665 404 1756 461 obstat
1774 421 1860 477 argu-

192 472 340 546 ridctetttr,
357 487 392 529 ei
411 489 464 543 quo
486 477 546 540 §so
565 469 621 540 jure
640 471 766 530 liberatio
781 477 917 548 contigit,
934 468 1006 528 citici
1038 487 1159 530 mentum
1177 472 1358 530 adunatione
1382 473 1419 529 ob
1437 474 1662 546 ingratitudinem
1679 491 1727 543 per
1746 471 1861 533 heredes

190 537 286 597 officio
303 541 397 620 iudicis
415 559 470 598 non
490 544 590 615 potuit,
608 558 636 600 ut
657 539 758 603 sadum
777 541 906 604 irrsedium
924 541 1007 611 fieret,
1037 543 1173 600 donantis
1187 541 1259 600 baud
1278 545 1429 601 revocanda
1451 543 1658 614 perterrariis
1677 547 1738 599 sotir
1756 559 1783 616 7.
1801 561 1861 616 pose

113 617 115 622 '
192 611 317 672 &vetus
334 611 466 682 obligatio
485 618 689 687 instauraretur,
706 616 751 673 sed
771 630 880 674 tantum
897 617 1006 672 contia—
1038 613 1105 669 med
1134 617 1151 670 l.
1172 615 1220 670 ult.
1249 613 1326 671 cde
1352 613 1488 672 reverend.
1506 616 1642 672 ιιιιιιιιιιιι.
1660 633 1721 674 cum
1750 615 1806 671 illic
1823 617 1866 674 cle

191 679 252 740 iius
269 686 436 748 inn'uninati
455 679 565 740 saciout
585 683 668 741 facias
684 681 888 754 implementum
904 687 1007 744 deside·
1038 682 1142 750 injurie
1162 685 1243 742 illata
1268 689 1452 752 persecutione
1470 703 1502 742 ac
1530 685 1650 744 vindicta
1677 689 1790 755 questi·
1807 689 1855 758 sit,

193 752 312 810 randum
330 751 447 822 fuit,aut
464 756 494 812 iti
511 755 737 826 quodsecundum
756 755 1007 818 anteitttaconat-
1038 772 1070 812 ac
1087 751 1280 828 manifestum,
1299 754 1454 822 injuriarum
1473 759 1607 814 actionem
1631 775 1680 813 nec
1701 763 1728 812 in
1749 757 1859 815 heredes

193 820 281 879 ilioni
299 841 378 880 causa
405 825 470 880 duta
487 844 566 882 causa
585 845 639 883 non
667 845 757 886 secuta
775 827 848 887 locus
874 849 930 890 csse
951 843 1008 883 non
1038 826 1117 898 dari,
1137 846 1186 886 nec
1204 825 1289 884 tribui
1309 826 1421 898 heredi,
1438 820 1465 898 9.
1490 848 1511 884 ι.
1536 827 1624 884 larris.
1653 827 1685 880 de
1701 842 1795 896 perper.
1823 827 1860 890 δ’

232 898 283 952 tuit
303 892 525 954 incontradlibus
542 899 748 956 innominatisa
767 895 1009 970 sadioincipienti·
1038 899 1171 952 remcoral.
1191 901 1245 955 aii.
1275 895 1357 968 junct.
1376 898 1403 955 d.
1421 901 1440 954 i.
1468 914 1494 969 7.
1514 899 1542 954 C.
1560 897 1592 952 dt
1618 918 1698 954 reric.
1717 897 1808 954 Aonas.
1828 903 1860 955 ιιι

192 912 245 1022 gotti
274 967 302 1022 ln
323 963 375 1020 illi·¹
392 967 465 1036 solis,
483 970 529 1034 qui
547 986 564 1022 e
581 968 693 1026 datione
711 971 823 1029 initium
843 969 1008 1030 habebit&
1040 949 1141 1036 verbis,
1160 989 1189 1026 uc
1209 966 1392 1026 vindicarem}
1409 985 1519 1026 tamtam
1537 965 1632 1025 babeat
1652 964 1780 1040 efficiar.
1801 965 1860 1026 Mi-

194 1033 230 1092 cle
247 1005 299 1092 lrac
307 1035 525 1109 acceptilatione,
535 1051 671 1109 tamquam
689 1041 813 1103 naturale
824 1039 926 1101 sedium
942 1041 1009 1096 co'o·
1041 1056 1091 1096 ιιιιι
1108 1041 1264 1098 adversatur
1282 1040 1300 1097 l.
1319 1041 1416 1096 larario
1433 1039 1458 1108 4.
1473 1037 1508 1117 ff
1526 1039 1560 1094 dc
1576 1041 1657 1095 mair
1685 1039 1860 1112 reportandis,

190 1108 498 1175 tinenteaccipiendus
516 1111 544 1166 in
562 1108 591 1164 d.
609 1109 626 1165 i.
645 1123 672 1182 9.
693 1109 863 1182 Papinianus.
882 1111 934 1170 sin
952 1127 1010 1167 ma·
1038 1126 1071 1167 eo
1088 1111 1159 1177 quod
1170 1111 1311 1182 utrobique
1328 1111 1513 1166 diversicasus
1530 1123 1595 1167 sunt
1609 1117 1653 1176 i&
1674 1112 1703 1166 i1¹
1722 1109 1781 1181 lege
1798 1119 1858 1179 qui-

191 1175 234 1248 gis
262 1178 291 1230 in
311 1177 518 1245 acceptilatione
546 1180 736 1251 imaginariam
761 1181 926 1241 solutionem
952 1197 1011 1250 spe·
1040 1179 1101 1239 dcm
1119 1195 1216 1251 quarta
1231 1176 1261 1238 ff.
1287 1180 1536 1250 locaripoenitendi
1564 1193 1681 1249 ptttestas
1697 1199 1731 1237 ex
1748 1181 1857 1248 saeuit

191 1257 260 1317 mes,
277 1259 357 1316 atque
376 1256 414 1305 ita
432 1249 461 1304 in
480 1267 530 1321 ea,
549 1247 586 1306 ob
600 1261 709 1308 cautem
729 1249 850 1309 futuram
868 1251 962 1326 facta,
980 1249 1010 1308 fi·
1041 1264 1129 1324 pacto,
1147 1265 1240 1322 pretet
1257 1252 1425 1326 ordinariam
1435 1251 1578 1328 locationis
1598 1267 1734 1321 naturam,
1746 1253 1860 1318 permis·

193 1331 269 1374 ctam
286 1321 421 1387 concipias
440 1320 632 1392 traditionem,
650 1322 716 1378 dum
726 1363 737 1395 ,
754 1321 864 1382 debitor
880 1342 915 1382 ex
931 1339 1010 1382 cartu
1041 1337 1070 1378 ι
1089 1315 1142 1380 fuit
1159 1321 1284 1394 locatori,
1301 1320 1391 1380 bandi
1408 1336 1498 1379 autem
1515 1337 1571 1378 etus
1598 1318 1699 1380 frustra
1719 1327 1863 1391 permitte-

113 1397 116 1404 ⁴
194 1389 292 1457 prioris
306 1387 391 1446 debiti
410 1397 551 1459 pecuniam
563 1409 715 1451 numerasse
734 1391 854 1467 tingitur,
872 1411 903 1451 ac
922 1411 1012 1452 rurus
1042 1408 1125 1462 taur,
1141 1398 1185 1451 cui
1202 1406 1289 1451 morte
1307 1389 1433 1453 locatoris
1453 1391 1552 1448 locatio
1569 1391 1674 1448 sublata
1694 1407 1769 1464 etat,
1788 1392 1816 1450 d.
1837 1397 1857 1450 i.

192 1455 232 1514 ob
252 1475 350 1516 navam
367 1477 474 1516 causam
493 1457 637 1520 futurama
650 1464 789 1524 creditore
806 1464 921 1524 eandem
939 1482 1012 1524 reee-
1043 1459 1068 1532 4.
1086 1465 1116 1518 ln
1135 1461 1192 1538 lege
1210 1481 1299 1522 autem
1317 1469 1400 1520 tertia
1417 1465 1551 1520 deservis
1568 1463 1747 1531 etportandrs
1766 1467 1861 1522 minus

191 1530 284 1598 pisse,
300 1533 337 1587 sir
354 1548 385 1587 ur
403 1530 470 1588 nihii
486 1534 599 1605 inurit,
614 1556 633 1592 u
644 1555 704 1592 rum
721 1555 753 1590 ee
770 1537 957 1592 numereione
968 1549 1012 1604 pr·
1042 1535 1161 1602 Juvanda
1179 1529 1398 1606 firitpoeuitentia
1417 1536 1445 1590 in
1457 1531 1638 1602 prejudicium
1652 1533 1796 1607 libertatis,
1816 1538 1859 1594 rei

192 1601 277 1659 tatia
303 1598 344 1676 ed
363 1623 426 1658 eum
444 1606 499 1658 sine
516 1623 620 1676 caera,
647 1626 685 1661 an
700 1620 743 1670 per
770 1606 995 1678 eecemilatiomm
1042 1603 1191 1662 admodum
1207 1602 1374 1674 favorabilis,
1383 1622 1436 1672 quo
1455 1601 1609 1673 lactum‚ut
1624 1607 1659 1664 ad
1670 1602 1779 1663 heredes
1795 1621 1861 1676 por-
1946 1606 1952 1616 “

190 1673 355 1740 ριιιιιιιιιιι,
373 1674 524 1732 secundun
542 1677 624 1736 verba
643 1673 767 1734 lavoleni
785 1678 815 1736 in
833 1673 862 1733 d.
881 1677 901 1733 ι.
924 1647 1014 1746 roff!
1043 1675 1185 1746 rigentium
1204 1693 1259 1733 non
1277 1672 1359 1732 fucrit
1377 1675 1527 1744 penitendi
1548 1672 1592 1741 ltu.
1840 1709 1849 1726 .

193 1739 222 1799 b.
240 1758 260 1796 r.
279 1745 306 1800 dt
324 1746 455 1812 &cepisse
472 1748 556 1802 etiam
575 1746 760 1819 intelligatur,
798 1748 826 1808 ui
844 1745 901 1824 oin
920 1751 1012 1804 atione
1076 1743 1104 1802 5.
1122 1743 1231 1818 integra
1258 1747 1376 1804 veroin
1407 1743 1457 1802 bac
1485 1749 1600 1802 materia
1627 1765 1668 1804 res
1693 1747 1860 1816 intelligitur

195 1809 325 1870 liberatus
341 1829 391 1883 est,
409 1815 426 1868 i.
446 1817 470 1871 ιι
486 1821 543 1887 quir
560 1815 644 1892 οιῖῃι
658 1821 714 1874 ione
748 1765 805 1878 tal.
829 1817 865 1891 ff.
883 1764 919 1874 ἱ
932 1817 1011 1892 »eget
1041 1819 1124 1874 etiam
1141 1834 1263 1874 cumres
1281 1818 1397 1872 vicissim
1415 1817 1525 1886 danda,
1543 1813 1651 1885 cujusve
1672 1819 1775 1875 intuitu
1794 1818 1861 1887 quid

191 1884 276 1956 juris,
293 1883 497 1943 condictionem
514 1886 551 1944 ob
567 1905 678 1945 cauam
689 1889 817 1948 datorum
833 1887 947 1948 concedi
966 1905 1012 1946 ne·
1043 1881 1205 1956 iacientium,
1222 1905 1285 1945 casu
1303 1885 1352 1942 tait
1371 1888 1524 1958 periit,quo
1541 1895 1758 1945 etsiconttactus
1778 1891 1861 1944 inno—

193 1970 267 2035 cesse
286 1948 345 2036 luit,
362 1969 500 2024 tamquam
517 1959 547 2014 in
574 1972 719 2018 contractu
737 1965 912 2019 innominato
929 1977 945 2016 a
963 1957 1011 2014 cla·
1043 1959 1162 2016 minatus
1181 1954 1271 2016 luisset
1290 1959 1509 2027 parituramque
1528 1958 1568 2014 ita
1581 1959 1707 2014 domitius
1726 1959 1804 2016 idem
1815 1955 1861 2016 su·

194 2037 273 2106 arone
293 2028 403 2084 mitium
421 2023 559 2099 habente,
586 2049 619 2086 ac
637 2032 824 2098 penitentiam
851 2032 1010 2098 recipiente:
1044 2029 1104 2088 isset
1121 2029 1252 2102 damnum
1279 2047 1416 2097 passttrus:
1436 2029 1539 2100 veluti,
1555 2031 1579 2084 si
1597 2031 1692 2086 morbo
1712 2036 1864 2086 extinctum

191 2107 236 2150 uta
255 2109 355 2164 tamen,
374 2111 403 2153 ut
421 2097 592 2168 acceptilatio
611 2119 660 2159 nec
678 2099 729 2158 hoc
748 2101 776 2157 in
795 2119 859 2160 cam
878 2103 1013 2159 resolven—
1044 2117 1173 2168 ponamus
1190 2115 1297 2158 servum
1316 2095 1359 2154 'ob
1378 2099 1569 2158 procedentem
1595 2102 1736 2157 dationem
1765 2115 1863 2155 mauu-

194 2163 230 2221 da
250 2161 343 2235 fuerit,
360 2167 406 2224 sed
426 2187 472 2236 pst
489 2189 548 2226 eam
566 2167 710 2232 solutio&
729 2171 909 2244 obligationis
926 2169 1012 2228 disso-
1044 2172 1215 2237 mittendum,
1233 2169 1452 2242 quemdominus
1489 2168 1630 2229 deficiente
1646 2181 1788 2228 contractu
1807 2168 1859 2227 boc

196 2231 267 2292 latio
284 2237 373 2295 valide
391 2233 460 2296 facta
487 2239 657 2314 intelligatur
677 2246 831 2313 nummique
859 2259 959 2300 novam
977 2239 1013 2295 ob
1045 2243 1233 2308 innominata,
1262 2259 1317 2298 non
1337 2236 1430 2296 suisset
1455 2211 1650 2299 distracturus.
1677 2241 1759 2297 tiecus
1775 2257 1860 2313 quant

194 2323 308 2362 causam
328 2303 448 2365 futuram
466 2306 605 2385 fingantur
631 2313 664 2370 de
682 2329 755 2368 noto
773 2314 928 2380 numeratiq
957 2329 1013 2382 qua
1044 2309 1195 2384 obtineret,
1213 2316 1235 2367 si
1255 2317 1284 2380 is,
1303 2312 1349 2378 qui
1366 2313 1488 2380 accepit,
1514 2327 1670 2370 contractus
1689 2309 1765 2378 hujus
1783 2327 1866 2367 occa-

195 2383 278 2460 caustt
296 2395 358 2434 cum
374 2379 472 2438 deinde
490 2397 579 2438 secuta
600 2400 654 2438 non
672 2399 762 2452 esset,
780 2401 835 2443 non
855 2383 891 2442 ad
908 2381 1012 2454 obliga·
1043 2385 1119 2438 sione
1135 2383 1266 2440 damnum
1284 2399 1372 2448 passus
1390 2381 1513 2452 sit,dum
1531 2379 1602 2440 sorte
1619 2383 1751 2450 accipiens
1771 2398 1801 2437 ea
1817 2379 1860 2439 le·

193 2449 579 2522 uonrsincaurationemstd
596 2455 715 2520 pecunia
723 2455 806 2512 soiius
815 2457 1014 2524 repetitionem,
1044 2473 1086 2523 ge,
1104 2467 1133 2508 ut
1151 2461 1257 2510 cervum
1274 2453 1465 2522 manumittat,
1484 2453 1652 2518 etpediende
1670 2452 1863 2508 manumissio·

197 2517 382 2581 actiodanda
402 2517 460 2577 fuit.
512 2535 515 2550 ¹
632 2571 635 2576 .
711 2565 715 2573 .
1047 2527 1087 2580 tris
1104 2525 1191 2596 gratia
1209 2541 1269 2580 cum
1287 2540 1364 2582 servo
1381 2525 1416 2580 ad
1434 2525 1566 2592 presidem
1584 2519 1717 2590 profectus
1737 2517 1809 2593 suit,
1827 2538 1864 2575 ac

233 2587 261 2656 4.
279 2583 367 2648 Causa
385 2606 478 2650 autem
495 2613 552 2651 non
570 2595 700 2668 sequitur,
718 2594 761 2654 vel
780 2597 843 2667 quia
861 2595 932 2652 alter
949 2613 1014 2663 pre·
1045 2595 1087 2650 vel
1105 2612 1121 2647 a
1140 2593 1290 2651 latronibus
1306 2611 1398 2656 servus
1417 2587 1570 2650 interfectus
1586 2605 1646 2659 et,
1666 2591 1708 2646 vei
1726 2597 1806 2646 cuim
1827 2593 1859 2646 ιι

196 2671 280 2744 stare,
297 2663 369 2732 quod
388 2669 521 2734 promisit,
538 2682 594 2722 non
616 2665 682 2736 vult,
701 2665 743 2724 vel
762 2673 824 2736 quia
844 2683 899 2722 non
919 2679 1012 2733 potest.
1044 2661 1153 2722 stabulo
1170 2683 1321 2736 oppressas,
1340 2663 1382 2720 vei
1402 2660 1522 2718 vehiculo
1538 2659 1675 2730 obtritus,
1703 2665 1743 2715 vei
1762 2661 1860 2728 alique

196 2733 232 2787 bi
249 2747 375 2798 prestare
394 2731 522 2808 noluerit,
540 2753 596 2792 non
614 2736 745 2808 dubius,
764 2741 828 2806 quin
847 2732 1014 2794 condictiobi
1045 2734 1133 2802 mode,
1150 2752 1269 2802 quonon
1289 2734 1457 2804 perit-ermini
1475 2733 1685 2788 manumissionis
1694 2747 1775 2786 causa
1795 2747 1862 2798 pto-

195 2801 269 2882 burc,
281 2799 357 2859 locus
368 2804 424 2871 sir,
450 2807 472 2862 si
491 2805 574 2866 mutio
591 2807 732 2877 conditio,
749 2825 805 2878 qua
824 2801 895 2864 ferte
911 2801 1013 2876 adjecta
1046 2803 1225 2877 ficitceretut,
1244 2806 1264 2860 ι.
1282 2806 1460 2873 ripuariam
1477 2803 1503 2861 5.
1521 2795 1547 2870 9.
1566 2804 1611 2858 eir.
1623 2795 1662 2874 ff.
1683 2797 1708 2856 i.
1727 2819 1749 2857 r.
1771 2797 1862 2858 lciem·
1941 2845 1945 2851 .

196 2885 314 2951 {sistam
331 2877 516 2948 estiterit,vei
533 2876 652 2946 elapsum
669 2881 705 2936 sit
724 2892 828 2947 tempus
845 2879 953 2934 dationi
973 2875 1014 2933 vel
1045 2895 1095 2945 que
1113 2891 1163 2947 est,
1180 2877 1203 2932 si
1222 2881 1280 2945 quis
1297 2877 1440 2943 pecuniam
1457 2875 1639 2946 acceperit,ut
1658 2871 1782 2942 capuam
1801 2875 1864 2941 iret,
1917 2909 1920 2914 -

194 2951 273 3002 iacto
290 2943 442 3014 prefixum:
470 2960 610 3010 ettamen
628 2950 713 3006 ctiam
740 2962 804 3006 ante
827 2953 956 3018 temporis
974 2945 1014 3002 ia-
1045 2953 1071 3007 dt
1092 2948 1247 3006 valetudine
1270 2945 1313 3002 vel
1340 2956 1509 3014 tempestate*
1524 2941 1654 3014 proficisci
1680 2942 1863 3012 impediatur,

167 3029 276 3082 ··psum
296 3016 339 3072 vel
355 3018 705 3076 criscentiamcondrionis
723 3021 920 3088 penitentiam
938 3034 1015 3089 parte
1044 3035 1106 3074 cum
1133 3011 1187 3087 jam
1205 3031 1323 3074 sumtum
1348 3017 1384 3074 aci
1413 3013 1606 3084 prosectionem
1634 3015 1813 3071 necessatium
1831 3029 1868 3070 eo

194 3082 276 3155 eius,
286 3087 332 3154 qui
350 3085 460 3144 dederat
478 3087 515 3143 ob
532 3105 658 3174 caruem,
676 3090 845 3147 admittenda
862 3091 898 3146 sit
931 3107 963 3144 ac
981 3107 1013 3146 ert
1045 3108 1127 3160 usque
1145 3085 1258 3158 fecisset,
1269 3101 1300 3144 ut
1319 3083 1584 3156 manifestumesset,
1601 3099 1726 3142 cumam
1746 3095 1865 3150 tantum,

194 3157 286 3222 eapite
305 3160 469 3224 penitentie
491 3163 631 3218 condictio
649 3158 835 3230 indulgenda,
851 3161 870 3215 l.
887 3131 949 3216 ledi
965 3156 1016 3214 tibi
1037 3172 1180 3303 §smmum
1195 3169 1402 3228 accerserentur
1420 3157 1534 3228 amplius
1552 3153 1722 3229 erogasse,d.
1737 3156 1759 3210 Ἰ.
1777 3151 1803 3210 5.
1819 3167 1858 3220 pe.

194 3221 226 3282 5.
245 3220 271 3298 9.
291 3226 362 3298 quid,
382 3231 406 3284 si
422 3230 463 3284 ita
481 3225 507 3286 ἆ
526 3227 558 3300 ffi
575 3231 632 3289 ιι.
652 3247 686 3289 eo
703 3244 825 3301 excepto,
842 3230 913 3298 quod
930 3235 1014 3300 poeni·
1097 3229 1124 3287 b.
1140 3244 1161 3288 c.
1188 3225 1263 3298 Quid
1281 3231 1354 3299 quoti
1381 3246 1431 3284 nec
1449 3235 1555 3301 integra
1583 3225 1704 3296 amplius
1717 3223 1804 3283 videti
1822 3239 1868 3306 res

196 3299 285 3356 matu
303 3297 377 3356 dotis
394 3316 426 3355 ac
445 3304 611 3360 nutrimenti
629 3321 661 3358 ac
680 3295 773 3358 savoie
790 3299 931 3371 reprobata
951 3297 1015 3372 fuit,
1046 3303 1138 3370 possit,
1154 3301 1179 3358 si
1197 3312 1318 3356 mortuus
1326 3301 1363 3356 sit
1381 3317 1472 3356 servus
1482 3299 1518 3356 ob
1535 3315 1593 3356 rem
1604 3297 1698 3355 datam
1717 3309 1864 3352 naanumtt-

197 3372 219 3425 si
237 3368 287 3425 dos
304 3365 340 3426 ob
357 3372 565 3430 matrimonium
583 3369 703 3431 futurum
720 3389 823 3442 sponsa
840 3374 952 3430 nomine
971 3373 1014 3426 in·
1045 3374 1153 3440 tentius,
1168 3373 1410 3441 anteqttanspotu't
1428 3371 1570 3428 commode
1587 3368 1758 3438 manumitti,
1776 3371 1814 3422 sic
1832 3374 1862 3422 ut

197 3442 279 3497 terim
297 3441 361 3500 dau
385 3437 474 3498 iuer-it.
486 3447 615 3514 quamdiu
643 3441 711 3504 iilud
727 3455 865 3512 separatur
891 3461 923 3500 ac
941 3441 1014 3513 sequi
1045 3439 1145 3498 nullam
1163 3439 1290 3500 doninus
1300 3457 1405 3496 moram
1423 3438 1524 3512 fecerit,
1537 3458 1570 3496 ac.
1587 3435 1692 3510 probet,
1710 3457 1738 3496 ee
1755 3450 1867 3496 servum

197 3524 296 3582 potest,
313 3511 333 3566 l.
352 3510 424 3584 quod
437 3514 544 3572 Servius
557 3513 584 3572 8.
601 3511 634 3586 ff.
652 3511 678 3570 i.
689 3531 709 3572 ι.
726 3515 768 3575 uti
787 3519 826 3591 dt,
842 3513 866 3570 si
883 3529 916 3570 ex
935 3529 1015 3570 cattsa
1045 3511 1113 3568 alias
1130 3511 1220 3570 medio
1237 3523 1357 3580 tempore
1383 3509 1465 3570 irae
1482 3511 1675 3570 distracturum
1693 3523 1772 3582 qaam
1790 3523 1870 3564 nunc

198 3585 393 3641 transactionis
409 3583 720 3658 quiddatumfuerit,m
737 3583 779 3640 ad
786 3583 910 3657 judicem
926 3601 1005 3642 eatur
1045 3595 1152 3654 propter
1171 3580 1221 3640 hoc
1238 3600 1294 3638 non
1311 3583 1449 3651 distraxit,
1462 3582 1536 3654 quia,
1553 3593 1582 3638 ut
1600 3597 1663 3640 eum
1681 3579 1866 3636 manumitte-

197 3655 379 3742 quantita-,eo
408 3659 478 3716 itum
497 3675 552 3715 non
569 3670 642 3730 cst,
657 3657 677 3714 l.
696 3655 757 3714 dedi
773 3657 823 3714 tibi
839 3651 864 3712 3.
881 3660 961 3726 ptiar.
1004 3697 1012 3710 .
1044 3669 1096 3726 ret,
1107 3670 1168 3728 ,rem
1186 3655 1300 3722 accepit,
1319 3651 1337 3709 l.
1357 3654 1384 3709 ιι-
1395 3653 1536 3722 pecuniam
1553 3651 1577 3710 5.
1596 3651 1635 3721 15.
1654 3651 1702 3708 red
1722 3651 1745 3706 ιι
1761 3651 1863 3720 arcent

197 3743 224 3782 e.
243 3741 264 3782 ι.
282 3721 315 3781 Si
327 3742 400 3801 ‘vero
415 3730 535 3798 prestari
553 3745 633 3786 causa
652 3746 707 3785 non
726 3733 818 3799 possit,
830 3746 880 3788 nec
897 3741 949 3786 stet
967 3746 1013 3796 per
1043 3720 1068 3782 5.
1088 3723 1121 3788 id
1146 3715 1172 3800 9.
1192 3723 1242 3784 ult.
1253 3721 1292 3799 ff?
1310 3721 1337 3782 ι.
1356 3739 1381 3780 r..
1397 3723 1497 3782 Verum
1515 3724 1667 3793 enimc-st,
1683 3736 1793 3780 servum
1811 3737 1865 3778 nec

196 3793 362 3869 debitorem,
380 3791 436 3854 bec
454 3799 562 3864 quidem
579 3812 670 3859 cessat
691 3799 829 3856 condictio
846 3797 882 3854 ob
906 3815 1013 3858 causam
1044 3795 1095 3854 hoc
1110 3813 1173 3858 casu
1203 3794 1281 3857 fuisse
1297 3795 1418 3854 domino
1439 3795 1607 3866 periturum,
1632 3796 1662 3850 si
1674 3793 1866 3850 innominatus

196 3866 349 3932 daturums
370 3869 417 3926 aed
444 3878 538 3926 tamen
563 3871 591 3928 dt
610 3867 655 3926 bic
682 3885 716 3928 etr
733 3871 823 3938 capite
848 3871 1011 3940 penitentie
1042 3865 1169 3926 defuisset
1186 3880 1343 3926 contractus
1352 3865 1472 3926 deibus
1489 3863 1525 3922 ob
1544 3861 1703 3924 faciendam
1712 3867 1883 3942 cucumis-¹

196 3939 304 3996 conditi
322 3955 396 4004 posse
411 3937 477 3995 data
494 3937 636 4010 obtinuit,
652 3941 736 3996 etiam
753 3958 821 4008 sape
839 3952 898 4010 post
915 3943 1012 3998 interi·
1042 3945 1152 3998 sionem.
1172 3933 1238 4011 Qun
1256 3931 1319 3996 cltm
1337 3941 1377 3994 ita
1394 3937 1469 4008 sint,
1485 3951 1650 4006 consequens
1667 3945 1731 4004 est,
1745 3949 1775 3992 ut
1792 3933 1868 4005 quod

196 4021 257 4062 cum
274 4007 323 4077 rei,
340 4025 396 4078 qua
416 4007 705 4082 vicissitudinem
722 4014 794 4068 circa
811 4027 894 4083 quam
909 4011 1012 4082 aliquid
1042 4007 1190 4082 teneratur
1210 4013 1369 4079 rescriptum
1387 4008 1529 4066 invenitur
1547 4009 1575 4060 ιιι
1594 4005 1612 4062 l.
1621 4019 1679 4075 ρηι.
1698 4005 1726 4062 C.
1737 4007 1763 4060 it.
1782 4017 1804 4064 ι.
1819 4018 1866 4074 pe·

195 4073 352 4136 licendum
377 4091 436 4134 crat
453 4080 574 4150 quandiu
600 4098 642 4136 res
659 4083 811 4138 etiamnum
830 4085 1011 4155 integraret,
1043 4081 1153 4141 cuniam
1170 4077 1278 4150 darum,
1297 4081 1320 4136 ιι
1339 4077 1392 4136 bec
1409 4096 1504 4148 caera,
1522 4079 1639 4150 propera
1658 4073 1727 4134 data
1745 4085 1794 4150 eg
1812 4093 1874 4132 norr-

196 4145 223 4204 Ᾰ·
242 4147 261 4202 l·
278 4141 306 4202 3·
325 4149 358 4208 ιι·
365 4149 549 4215 pecuniam-5.
565 4163 591 4220 ρ.
610 4143 684 4222 (9⁹9.
707 4169 729 4208 ι.
748 4167 776 4208 2.
794 4150 821 4208 l.-
832 4151 881 4210 ult.
897 4147 931 4220 ff.
947 4149 972 4206 b.
990 4169 1010 4208 r.
1043 4148 1119 4218 culpa
1138 4149 1355 4222 accipientique
1365 4146 1476 4216 fortuito
1492 4162 1806 4220 earmnomrrtsscura,
1823 4165 1868 4205 rr-

194 4218 265 4278 acteo
282 4229 313 4274 ut
331 4218 366 4276 ad
385 4216 493 4280 heredes
510 4217 602 4282 dantis
619 4223 707 4280 etiam
722 4227 870 4280 transiture
888 4223 1013 4280 videatur
1041 4223 1095 4290 pm·
1112 4224 1224 4278 cainiana
1241 4237 1334 4292 parra,
1352 4219 1548 4279 limitationem
1565 4219 1683 4288 recipere
1709 4216 1807 4278 debeat
1824 4237 1871 4277 se·

194 4289 345 4362 petenti
363 4285 488 4370 facultas,
504 4289 661 4350 cumberes
687 4291 722 4348 in·
734 4287 1013 4362 omnedesuncri-jus
1042 4291 1160 4351 cundum
1177 4291 1387 4351 distinctionem
1401 4289 1456 4360 iem
1474 4289 1643 4361 propositam
1660 4306 1694 4344 ert
1710 4287 1738 4346 d.
1756 4289 1783 4346 i.
1794 4287 1819 4347 5.
1834 4281 1868 4376 9.

194 4359 331 4432 succedat,
347 4362 520 4432 crucemque
535 4379 599 4422 cum
614 4359 744 4420 defuncto
781 4367 902 4419 otestatis
919 4366 955 4418 sit
992 4361 1013 4418 l.
1042 4359 1091 4418 ult.
1111 4355 1152 4434 ff
1170 4360 1185 4418 b
1212 4379 1232 4420 t.
1251 4363 1274 4419 si
1292 4361 1396 4420 scilicet
1416 4365 1523 4436 integra
1551 4379 1593 4418 res
1610 4357 1726 4436 amplius
1744 4377 1800 4418 non
1818 4375 1871 4430 stt,

195 4431 270 4492 beret
287 4433 318 4488 ιιι
334 4451 411 4488 omae
427 4427 471 4504 ὅγε
495 4427 533 4506 ff
550 4432 583 4489 da
600 4434 701 4506 acquir.
728 4379 875 4502 celerariae.
888 4403 975 4490 bared
995 4431 1012 4489 l.
1035 4439 1089 4494 'seu
1107 4449 1163 4490 non
1183 4427 1277 4494 ficisset
1296 4452 1338 4492 res
1356 4432 1452 4490 eodetn
1470 4432 1641 4502 modoepnd
1657 4431 1867 4503 domiuum-pes

194 4503 319 4566 heredem
334 4499 455 4576 ejusdem
463 4499 605 4632 Sti-gfdc,
619 4503 697 4578 rogel.
714 4503 835 4571 riwin&
855 4499 1012 4574 hncpoeni·
1042 4505 1139 4559 tituta.
1158 4500 1222 4562 Nisi
1241 4507 1326 4576 magis
1347 4501 1460 4576 placeat,
1475 4519 1579 4564 cessate
1586 4503 1696 4580 quidem
1713 4503 1868 4561 condictio-

195 4577 274 4636 tendi
291 4575 403 4644 licentia
422 4593 511 4634 noua
549 4591 661 4646 penam
669 4566 721 4633 scd·
740 4575 776 4634 ad
794 4571 833 4629 rei
851 4576 1013 4644 persectuio-
1044 4571 1159 4651 nempb
1178 4574 1496 4646 causatu-datonumde
1514 4579 1614 4644 quain
1632 4572 1659 4630 d.
1677 4573 1815 4646 chnult.
1835 4573 1866 4629 G.

192 4666 258 4710 nem
271 4647 427 4716 pertineat,
448 4661 501 4702 nec
524 4662 560 4703 ex
579 4645 697 4720 quadam
714 4647 844 4713 pactione
857 4643 1013 4715 personali,
1043 4642 1077 4700 b..
1088 4661 1107 4700 ι.
1127 4657 1205 4713 Juxta
1222 4644 1304 4702 tituli
1316 4647 1399 4714 ipsius
1415 4646 1627 4714 inscriptionem
1637 4646 1769 4706 tractatio
1786 4656 1871 4712 emes

194 4733 339 4790 personam
357 4715 430 4778 baud
449 4720 608 4786 paciscentis
623 4713 844 4788 egredientem
861 4729 895 4773 etc
913 4728 1013 4773 uatum
1036 4715 1095 4772 ‘sed
1107 4731 1164 4775 non
1184 4713 1245 4774 idco
1253 4714 1398 4776 erciam
1410 4716 1610 4787 protinus-dici.
1621 4729 1745 4787 operaeoe
1762 4713 1865 4786 proflu-

194 4795 331 4856 communi
340 4781 495 4861 hujusmodi
503 4799 676 4848 contractum
685 4785 922 4846 innomiuarctum
930 4785 1018 4861 origi.
1043 4799 1135 4846 entem
1152 4803 1186 4870 es
1205 4786 1365 4858 effluentia
1381 4787 1610 4855 condictionem
1624 4791 1733 4852 cum&
1749 4792 1785 4868 in
1799 4785 1828 4846 d.
1845 4783 1865 4846 l.

1684 5053 1707 5092 4
