3994 5350
271 213 338 286 ψ
654 137 1181 276 ’.ωωωι

286 287 339 370 libi
355 283 495 358 deformet
509 287 550 344 eei
566 285 696 346 conduma
712 301 755 356 per
772 288 953 350 conductorem
970 315 1031 353 mu·
1133 291 1167 355 itt
1183 289 1262 348 socier
1278 293 1667 366 nuticmpe'reate'ne'utmrd
1680 301 1884 352 omniumr!-

274 375 359 429 aetu,
376 353 409 414 de
426 360 534 415 cisiario
550 361 647 415 citium
665 376 898 429 ceneten-'emautur
907 361 1032 435 femme
1134 362 1261 420 mittive.
1791 363 1797 373 '

283 443 439 498 tempestate
456 431 654 501 cooperirem
671 431 824 503 inoffense,
842 431 971 491 vadorum
986 452 1031 506 pe-

285 503 349 555 ritos
367 517 418 553 non
428 499 583 568 recipiente,
589 496 697 626 [ullone
706 515 788 556 uerter
796 517 972 578 permutante,
982 523 1031 564 out
1065 497 1263 622 1·PRnximo
1288 499 1403 562 emtioni
1420 507 1448 566 &
1465 501 1619 562 venditioni
1645 501 1675 558 in
1694 499 1829 572 plurimis,
1847 517 1884 557 ac
1972 495 1977 508 “

222 587 224 592 ·
248 597 252 604 -
283 571 401 638 patiente
416 591 463 626 cae
481 590 499 625 e
517 574 589 628 muri
606 591 637 628 ur
653 568 729 636 nodie
748 575 832 632 etiam
849 573 881 629 de
889 572 1032 646 sectarer,-
1162 573 1256 630 iisdem
1274 592 1354 644 prOpe
1374 573 1436 640 luris
1455 575 1553 650 regulis
1570 575 1731 644 09115131βῦ31
1743 585 1785 630 2⁵²
1801 573 1882 630 10⁰²·

285 640 319 698 tii
333 653 376 708 per
392 639 573 698 conductorem
590 640 744 710 prestando.
1061 640 1101 697 tio
1119 639 1273 713 concludio,
1281 643 1408 714 discindit
1419 665 1435 702 a
1445 646 1620 714 promissione
1637 642 1671 700 de
1689 661 1717 700 re
1734 640 1879 700 elocanda:

211 706 259 769 50.
278 707 392 784 Quando
409 709 441 766 de
462 711 539 779 culpa
567 713 701 778 lenissime
728 711 864 770 conductor
888 731 1030 784 remecurt
1061 711 1089 770 81
1106 727 1124 764 a
1141 710 1264 782 potitore
1280 713 1314 771 de
1332 735 1360 772 re
1378 734 1434 774 non
1452 715 1532 773 alteri
1546 731 1625 786 quarn
1642 711 1719 769 Titio
1737 712 1881 780 locandae

287 779 333 840 ubi
349 777 876 892 decetificibutffemneetincludentibus,
892 786 1029 844 columnus
1061 781 1094 838 de
1111 781 1208 854 quibus
1225 777 1320 841 confer
1339 790 1435 854 scripta
1452 788 1494 843 tic.
1504 783 1535 840 de
1545 781 1664 842 contrub.
1682 797 1746 840 emt.
1756 783 1833 860 num.
1851 799 1881 840 2.

285 869 361 910 teum
393 850 541 909 reantrtur.
883 900 885 909 ,
913 853 916 863 ’
1059 867 1122 907 cum
1140 851 1244 910 locatio
1253 848 1397 914 condudiio
1413 859 1448 914 sit
1466 862 1521 926 ipse
1529 851 1691 928 contradito,
1710 853 1785 912 bonae
1804 851 1880 924 fidei,

214 915 262 980 51.
279 923 339 993 An,
356 868 510 992 &quando
535 919 674 979 concludier
699 923 733 978 de.
747 941 811 980 cocu
838 939 961 984 teneatue
972 919 995 980 ?.
1006 928 1031 981 ri
1059 934 1191 982 consensu
1208 939 1347 994 constans,
1363 928 1398 986 de
1422 945 1470 984 usu
1489 923 1533 983 vel
1545 935 1547 940 '
1560 943 1642 998 opera¹
1667 940 1737 982 cum.
1752 925 1880 982 mercede

285 989 382 1065 arefiet
398 995 429 1049 in
447 1011 504 1048 rem
517 993 637 1050 alienum
646 992 802 1061 impenderit
818 1011 934 1066 operam,
952 995 1028 1058 (111-
1058 993 1259 1052 commutanda.
1277 991 1351 1054 Nam
1369 996 1411 1066 uu'
1438 995 1522 1054 emtio
1540 994 1568 1054 u
1588 993 1710 1055 venditio
1733 993 1880 1050 contrahi·

287 1068 316 1122 le
333 1085 399 1122 caru
423 1078 525 1137 pereat,
550 1061 656 1120 domine
682 1064 808 1133 materie,
835 1065 933 1138 artifici
950 1082 1029 1138 opere
1059 1073 1112 1133 tur,
1130 1065 1154 1120 si
1171 1062 1205 1121 de
1223 1063 1310 1133 pretio
1326 1073 1495 1139 convenerit,
1512 1067 1551 1122 ita
1569 1068 1597 1124 dt
1616 1062 1715 1120 locatio
1731 1061 1880 1124 conduffio

280 1137 394 1204 pretinm
409 1136 485 1200 perit.
615 1189 620 1197 ,
1056 1130 1186 1188 contrahi
1202 1135 1377 1210 intelligitur,
1393 1139 1418 1194 si
1434 1137 1468 1196 de
1486 1137 1608 1206 mercede
1625 1137 1828 1208 convenerim.
1851 1153 1876 1192 1.

209 1205 259 1266 52.
278 1207 366 1264 Finito
389 1219 502 1275 tempore
527 1200 663 1260 locutionir
680 1222 721 1259 rer
748 1202 858 1262 locatori
882 1205 1025 1264 reddenda.
1059 1217 1084 1256 2.
1087 1197 1126 1272 ff
1134 1199 1159 1258 b.
1168 1218 1188 1257 t.
1199 1219 1238 1274 pr.
1250 1204 1376 1266 [urrini.
1387 1227 1407 1264 t.
1425 1207 1493 1266 adeo
1512 1218 1543 1264 ut
1561 1223 1649 1274 neque
1665 1206 1880 1274 δῑῖῑθῒῦῐῧῦμῑῖ

210 1323 216 1332 ,
281 1279 343 1351 Quo
369 1273 445 1348 enode
467 1275 595 1344 puniatur
615 1277 682 1346 jure
705 1274 826 1330 Romano
843 1296 877 1332 oc
903 1275 1028 1350 moribus,
1057 1273 1104 1342 sit,
1122 1291 1208 1344 neque
1225 1273 1282 1332 clia
1300 1275 1458 1334 solemnitas
1476 1275 1650 1346 desideretur,
1667 1276 1690 1332 si
1708 1277 1790 1334 modo
1808 1293 1880 1333 coae-

211 1387 214 1395 -
283 1349 330 1418 peti
346 1350 481 1402 restituere
497 1364 547 1400 non
565 1337 648 1402 nult?
664 1344 713 1401 An
740 1343 876 1404 conducite
892 1349 972 1416 possit
990 1349 1027 1405 lo·
1058 1338 1159 1400 tradlus
1176 1342 1365 1412 probationem
1391 1345 1560 1420 habeantet.
1580 1343 1671 1403 Instit.
1689 1343 1722 1398 de
1750 1341 1825 1422 oblig.
1844 1365 1878 1401 ert

284 1419 367 1474 ceteri
377 1417 500 1485 repetenti
517 1411 632 1484 abjicere
642 1417 814 1482 exceptionem
831 1413 970 1476 dominii?
978 1421 1028 1475 An
1057 1430 1191 1470 consentu·
1209 1411 1247 1471 lit
1263 1418 1385 1487 quamvis
1403 1419 1433 1474 in
1452 1417 1563 1488 longum
1573 1428 1683 1486 leminis
1700 1425 1766 1484 puta
1784 1416 1813 1472 ¹⁰
1825 1415 1875 1474 ἆθ-

285 1489 380 1546 certius
406 1501 538 1556 tunquam
552 1481 684 1541 deminus
710 1484 865 1542 intercedere
889 1491 977 1555 percit,
994 1509 1028 1545 ne
1056 1499 1115 1549 cem
1132 1481 1185 1540 aot'
1198 1481 1285 1554 ploret
1303 1505 1397 1562 annos,
1417 1486 1517 1544 locatio
1543 1485 1736 1554 contrahatur,¹
1749 1502 1807 1543 non
1828 1500 1875 1545 tu-

285 1555 565 1617 coemeteriorum
583 1551 1026 1615 roceeorrrmnreetnen·reeoon-
1057 1570 1119 1609 men
1137 1553 1197 1611 ideo
1209 1571 1322 1615 ‚necesse
1339 1559 1454 1627 videtur,
1480 1569 1512 1614 ut
1539 1557 1686 1618 secundum
1714 1573 1802 1617 mores
1820 1562 1878 1614 'teo-

283 1626 367 1686 duria
383 1641 482 1697 prepter
498 1627 629 1694 impensus
649 1646 668 1680 e
685 1617 837 1684 condoctore
855 1631 884 1684 in
902 1645 964 1684 enm
973 1625 1026 1702 fe-
1057 1635 1126 1680 stros
1142 1640 1233 1704 coram
1252 1621 1309 1699 lege
1326 1625 1377 1684 loci
1403 1625 1564 1700 perficiatur,
1583 1633 1657 1698 quasi
1686 1626 1751 1706 inde
1768 1627 1876 1686 condra-

287 1691 373 1758 diur?
578 1711 583 1722 ·
794 1699 800 1708 “
925 1717 927 1722 ’
1057 1689 1126 1751 ilori
1143 1710 1183 1762 tus
1200 1693 1238 1750 ali
1258 1696 1348 1756 nando
1365 1699 1395 1754 in
1412 1717 1442 1756 re
1460 1711 1622 1770 nasceretur,
1639 1695 1718 1768 quale
1737 1694 1778 1768 ius
1795 1701 1824 1754 in
1843 1715 1875 1756 re

204 1753 261 1826 33.
279 1767 355 1844 Quid
367 1767 404 1824 cit
421 1767 515 1824 locatio
542 1761 647 1835 operit?
663 1767 713 1820 An
738 1787 765 1821 eo
781 1749 902 1824 includat
924 1767 1026 1826 condu-
1057 1781 1113 1819 non
1131 1783 1204 1834 posse
1221 1716 1303 1824 aiiter
1321 1774 1401 1840 quein
1418 1785 1511 1825 coram
1528 1767 1587 1844 lege
1619 1767 1672 1824 loci
1690 1766 1875 1826 immobilibus

284 1842 397 1898 dlionem
414 1831 576 1908 operarum?
592 1834 626 1900 id
636 1833 708 1908 ,quid
721 1835 801 1895 dictet
818 1858 837 1892 a
855 1839 981 1898 locatione
997 1861 1025 1896 o-
1056 1835 1171 1906 imponi,
1179 1836 1283 1896 dicetur
1293 1837 1376 1895 xinde
1393 1843 1493 1914 acquir.
1504 1837 1658 1898 rendomt'n.
1677 1833 1798 1912 Etenim,
1809 1855 1873 1898 cum

284 1925 410 1980 percnum
427 1908 461 1970 izi
478 1901 566 1965 urus?
775 1977 781 1991 ·
1056 1911 1129 1989 inter
1145 1921 1239 1968 omnes
1256 1923 1372 1986 constet,
1390 1929 1423 1970 et
1442 1912 1543 1972 modici
1559 1915 1687 1982 temporis
1718 1910 1876 1970 elocutione

215 1971 261 2046 54
278 1981 395 2038 Lacutur
412 1995 472 2054 opor
490 1977 534 2034 vel
550 1977 694 2045 auerrione,
712 1975 756 2032 nel
770 1995 801 2031 ιιι
825 1977 902 2048 pedes
920 1998 1025 2039 menm-
1055 1991 1128 2031 circa
1145 1996 1185 2057 res
1204 1979 1354 2038 immobiles
1371 1979 1507 2040 celebrata
1533 1981 1640 2041 nullum
1657 1979 1815 2040 conduitori
1824 1997 1878 2036 ac·

97 2067 100 2070 ·
188 2081 190 2086 ,
275 2071 375 2126 ,rerum
391 2050 434 2106 oet
450 2051 478 2104 in
487 2047 541 2104 diet
560 2045 670 2120 singulos
680 2048 824 2105 constituta
842 2049 967 2106 mercede.
979 2054 1025 2109 An
1054 2047 1125 2114 quiri
1143 2063 1185 2117 tus
1203 2050 1233 2106 in
1251 2069 1291 2122 re,
1308 2065 1355 2108 aut
1373 2051 1471 2111 saltem
1488 2071 1544 2113 non
1561 2052 1627 2118 tale,
1645 2051 1681 2110 ad
1698 2048 1773 2120 cujus
1791 2050 1874 2110 nati-

285 2121 427 2189 redemptor
443 2121 523 2188 operis
549 2119 627 2186 poesie
654 2118 734 2174 alteri
755 2115 918 2176 demandare
944 2125 1025 2192 operis
1058 2119 1170 2176 vitatem
1187 2111 1336 2178 solennita'i
1352 2121 1401 2180 illa
1418 2141 1509 2180 coram
1518 2121 1574 2197 lege
1592 2121 1645 2180 loci
1664 2119 1790 2180 trahendi
1810 2137 1877 2179 rena

284 2185 510 2260 implementum?
526 2186 561 2252 (m
579 2206 616 2245 en
633 2187 687 2256 ipre
703 2207 736 2241 ee
753 2186 888 2249 substituti
897 2187 1025 2263 fediossre.
1056 2185 1175 2244 locatam
1190 2194 1369 2260 requireretur
1380 2187 1395 2262 ς’
1405 2196 1491 2267 magis
1507 2207 1547 2251 est
1576 2189 1673 2251 ut'nec
1692 2209 1725 2252 ex
1742 2191 1878 2262 temporis

285 2258 402 2320 nentur?
1056 2256 1184 2329 longioris
1201 2259 1350 2326 adieiilone
1376 2261 1463 2322 ullum
1489 2235 1648 2322 conductori
1676 2267 1810 2338 ductetur
1827 2258 1880 2333 jus·
1945 2319 1955 2333 ,

192 2390 197 2398 ,
215 2331 259 2396 55.
277 2333 320 2390 De
335 2329 483 2401 probatione
501 2329 534 2392 tlt
552 2325 736 2398 improbatione
747 2330 835 2396 operit.
854 2331 922 2404 Quis
940 2331 1025 2404 titn‘-
1055 2332 1082 2382 in
1102 2347 1139 2400 re,
1158 2347 1193 2385 ne
1210 2347 1243 2386 ex
1261 2333 1396 2406 accidenti
1422 2331 1515 2402 aliquo
1539 2334 1678 2404 temporie,
1696 2333 1817 2406 quodne
1836 2348 1872 2386 o-

273 2395 376 2476 fediur,
393 2405 417 2457 ci
430 2397 634 2468 probamentis
649 2395 761 2456 ‘arbitrio
778 2401 899 2460 locareris
914 2409 1036 2471 pernn'rs
1056 2397 1232 2470 bllgotlonem
1249 2403 1357 2474 quidem
1368 2403 1495 2460 inducere
1505 2417 1550 2461 aut
1566 2405 1798 2472 perintempoitsh
1817 2405 1874 2457 nit·

281 2494 314 2530 ca
331 2467 393 2531 cit?
413 2470 484 2538 Quid
500 2475 523 2526 ri
539 2469 682 2582 redemptor
700 2489 718 2522 a
736 2473 876 2542 prescripto
892 2477 1024 2544 recereeer't
1054 2473 1156 2549 gotium
1174 2470 1253 2530 classi
1271 2469 1370 2542 jurium
1387 2475 1422 2532 ad
1440 2472 1676 2544 iernsubduttum,
1687 2477 1715 2529 in
1727 2474 1872 2548 numerum

285 2564 318 2600 ea
336 2543 470 2601 uoluntate
488 2537 623 2598 locareris.
662 2539 718 2610 Eup
726 2541 827 2610 icatur,
853 2562 899 2613 en,
925 2543 959 2609 (gt
977 2568 1024 2617 qno
1056 2544 1151 2608 turicum
1162 2542 1190 2596 in
1208 2560 1236 2598 re
1253 2542 1444 2602 transferatur.
1456 2541 1739 2618 Nequedubitandum
1752 2542 1874 2612 videtur,

284 2635 365 2688 utque
382 2613 513 2669 committi
527 2615 606 2682 percit
631 2607 742 2668 arbitrio
768 2611 897 2680 debitoris,
924 2637 961 2673 on
979 2616 1033 2680 dc·¹
1055 2607 1282 2680 quiodlocatione
1299 2615 1328 2672 in
1356 2615 1526 2687 decennium,
1544 2619 1709 2685 tricennium,
1727 2612 1873 2684 longiusre

283 2683 355 2758 beet,
372 2684 417 2742 uel
431 2681 542 2739 arbitrio
558 2682 701 2751 creditorir,
719 2702 756 2737 on
780 2681 830 2738 sibi
847 2685 911 2741 velit
927 2685 1023 2742 deberi.
1056 2693 1156 2750 ternpus
1174 2681 1467 2743 contrastalocatornc
1485 2685 1597 2744 heredes
1609 2693 1669 2756 fetus
1695 2682 1875 2754 refwssiffl·

213 2751 259 2820 56,
277 2756 321 2818 De
337 2753 486 2825 probatione
503 2775 517 2808 o
533 2754 584 2808 erit
599 2767 642 2820 per
659 2755 771 2808 tertium
787 2751 927 2826 faciendo,
945 2777 983 2813 un
1001 2761 1023 2812 ir
1054 2747 1278 2810 &inreconductt
1296 2755 1472 2825 compellendi
1489 2757 1546 2812 sint
1563 2758 1597 2814 ad
1614 2771 1688 2811 usum
1705 2749 1874 2810 conductori

264 2843 382 2896 ιιιιιριιι
401 2827 480 2894 operit
494 2769 615 2888 liniendi
630 2823 868 2898 prorogarentur-rit?
886 2826 964 2900 Quid
971 2826 1022 2897 ju·
1054 2817 1259 2892 relinquendum
1277 2826 1383 2898 integro
1393 2827 1474 2900 longo
1482 2839 1528 2883 aut
1537 2825 1692 2896 longissimo
1703 2835 1827 2890 tempore,
1836 2825 1873 2880 in

281 2899 328 2970 eit,
345 2899 368 2952 ri
386 2898 547 2967 torquemur
565 2891 659 2963 dolore,
676 2887 820 2952 urbiirr'um
838 2898 1023 2968 interposuerit,
1047 2904 1193 2948 vcontractu
1211 2893 1344 2964 delinito,
1362 2899 1391 2957 tr
1409 2899 1468 2956 vice
1485 2911 1559 2954 versa
1567 2913 1613 2964 per
1629 2893 1711 2948 locati
1728 2895 1875 2947 actionem

282 2985 332 3024 cut
349 2969 534 3024 interveniente
551 2963 608 3021 dolo
626 2966 707 3034 ipsius
725 2963 902 3023 redemtoris?
919 2969 950 3034 Si
968 2985 1021 3023 ter·
1053 2961 1203 3020 conductor
1220 2962 1329 3024 heredes
1348 2985 1380 3024 ue
1398 2964 1464 3036 eius,
1482 2978 1512 3023 at
1529 2975 1636 3022 maneat
1655 2963 1685 3019 in
1703 2959 1872 3018 conductio-

171 3045 176 3062 s
258 3041 334 3100 'ciret
352 3037 416 3092 nolit
434 3035 477 3091 ret
492 3055 543 3090 non
557 3034 635 3102 portic
662 3033 798 3104 arbitrari,
825 3053 875 3096 nen
892 3054 929 3094 est
946 3039 1023 3096 nulle
1055 3049 1089 3088 ne
1107 3048 1138 3086 ac
1156 3034 1290 3092 mercedes
1306 2987 1394 3093 solvat
1405 3037 1543 3110 temporis,
1559 3048 1695 3104 utcunque
1706 3029 1876 3104 longissimi,

283 3108 378 3166 locatio
393 3107 482 3175 operis,
499 3102 547 3160 red
553 3101 644 3180 judee
658 3121 723 3166 trent
741 3107 897 3164 arbitratur.
1055 3099 1189 3159 locatione
1206 3103 1400 3176 comprehensi,
1418 3125 1475 3182 arg.
1493 3105 1507 3162 l
1533 3107 1608 3166 uiam
1625 3105 1745 3163 veritatis
1767 3119 1809 3158 ro.
1840 3101 1879 3170 0.,

212 3179 257 3253 57.
275 3179 319 3238 De
335 3175 445 3247 periculo
461 3177 551 3245 operit,
568 3193 606 3228 an
623 3172 695 3230 illud
709 3175 749 3228 ad
764 3177 912 3249 locatorem,
931 3197 968 3236 can
985 3181 1027 3237 ud
1054 3169 1078 3226 b·
1090 3173 1137 3227 t.l.
1151 3171 1194 3240 24·
1225 3173 1268 3232 .3.
1280 3175 1306 3232 C.
1321 3172 1525 3234 detectorunct.
1536 3173 1733 3235 necun'moelt
1747 3175 1873 3240 120.‘cep.

284 3247 455 3314 redemtorem
470 3249 611 3315 pertineat,
624 3257 668 3312 per
686 3243 1021 3319 derernnronererptrcamr.
1054 3242 1192 3298 locutiones
1229 3243 1435 3316 .ln.qoantum
1450 3261 1543 3306 tamen
1562 3247 1591 3310 &
1609 3243 1765 3306 Hollandire
1785 3243 1872 3298 mori·

283 3323 331 3378 An
345 3333 399 3387 poet
416 3319 497 3386 operis
511 3314 686 3386 probationem
708 3317 853 3385 periculum
868 3323 978 3389 pertinet
990 3327 1022 3376 'e-
1055 3311 1158 3394 bun&
1178 3315 1284 3375 novella
1301 3317 1435 3378 decisione
1461 3316 1599 3380 Ordinum
1627 3311 1869 3385 Ultraiectinorum

179 3447 184 3457 ,
279 3395 351 3452 tium
369 3387 410 3450 d
424 3389 563 3445 locatorem
579 3381 741 3457 prebentem,
768 3391 791 3443 rt'
816 3391 896 3458 operit
914 3392 978 3446 vitio
995 3414 1022 3448 0-
1053 3399 1120 3440 annr
1142 3382 1217 3458 i659.
1236 3399 1289 3444 art.
1313 3401 1353 3462 ¹9·
1381 3389 1509 3463 invaluit,
1527 3404 1643 3450 emtores
1671 3387 1789 3456 aliosque
1807 3399 1869 3440 sue-

275 3477 325 3533 put
351 3455 519 3519 collabetur?
542 3455 588 3512 De
604 3455 685 3524 operis
706 3456 817 3514 necdum
842 3457 942 3527 probuti
959 3465 1022 3518 nitio
1052 3470 1168 3512 cessores
1183 3469 1254 3515 stare
1270 3457 1366 3518 debere
1383 3459 1513 3520 locationi
1530 3479 1577 3530 per
1595 3449 1873 3526 venditoremfacte,

282 3528 411 3606 quamdiu
430 3529 528 3586 locutor
545 3529 617 3598 queri
632 3526 731 3594 pectit?
754 3529 784 3583 Si
805 3529 892 3596 plures
910 3536 962 3588 rint
980 3555 1022 3588 re.
1052 3525 1181 3582 contendi
1200 3527 1270 3585 lorte
1295 3548 1349 3586 non
1378 3529 1593 3604 improbabiliter
1615 3532 1710 3604 possit,
1736 3523 1870 3587 eo'mo'do

280 3596 548 3670 demtoeetejeecdem
571 3599 662 3668 eperic,
680 3617 718 3654 aee
744 3599 768 3653 ri
801 3601 839 3656 uli
865 3600 1022 3659 insolidum
1054 3591 1200 3652 1001110Πῶ
1218 3600 1246 3654 in
1265 3595 1376 3684 longum
1394 3615 1498 3672 tempus
1516 3611 1571 3658 nott
1591 3601 1709 3673 multum
1725 3600 1823 3656 distare
1832 3591 1870 3647 ab

279 3673 412 3732 conveniri
423 3670 533 3740 possint,
549 3670 573 3724 ri
588 3683 650 3740 opus
667 3685 717 3724 non
732 3683 764 3740 pe
787 3671 876 3728 edium
894 3687 942 3728 our
959 3675 1022 3730 vitio
1052 3664 1262 3746 alienationibus
1279 3670 1341 3726 alns
1359 3691 1416 3732 non
1448 3674 1502 3730 nisi
1518 3688 1610 3730 coram
1637 3667 1695 3746 leg‘e
1719 3668 1771 3726 loci
1789 3660 1872 3734 petit·

280 3764 326 3802 sud
343 3741 487 3810 collaprrem
504 3731 567 3793 rit?
1052 3736 1167 3804 elendls,
1184 3741 1219 3818 dd
1238 3741 1276 3814 ld,
1291 3753 1322 3798 ut
1339 3745 1488 3812 conductor
1504 3743 1580 3803 ultra
1606 3742 1699 3801 decem
1724 3753 1815 3796 annos
1832 3741 1866 3792 ti'·

210 3811 254 3874 tt.
282 3813 362 3870 lettre
389 3809 459 3882 quod
472 3823 575 3877 tempus
600 3821 659 3876 rpus
684 3809 833 3869 redemtum
860 3810 960 3878 ebrode‘
976 3810 1021 3868 de.
1052 3819 1109 3861 som
1128 3811 1165 3863 rei
1183 3812 1322 3870 conductae
1340 3813 1392 3870 sibi
1411 3827 1496 3885 posset
1505 3831 1631 3886 arrogare
1649 3813 1738 3870 invito
1755 3825 1797 3878 eo,
1815 3808 1873 3884 dut,

279 3875 365 3941 leet?
382 3880 430 3938 An
448 3880 493 3952 agi
504 3877 645 3947 partit-ad
656 3877 688 3934 id
710 3880 780 3958 qued
802 3885 918 3952 interest,
935 3882 980 3940 vel
993 3905 1020 3939 o-
1052 3875 1207 3947 patticulari
1226 3883 1306 3940 titulo
1324 3881 1422 3941 elocati
1440 3885 1690 3957 prediidominium
1709 3891 1805 3939 nacitur
1813 3887 1867 3940 est;

278 3972 328 4026 pus
345 3951 424 4006 elteri
442 3951 553 4006 relocare
566 3950 645 4017 possit
668 3967 734 4008 ente
758 3953 862 4022 lapsum
890 3958 1020 4025 temperie,
1053 3964 1086 4002 ne
1103 3945 1225 4018 alioquin
1246 3955 1290 4009 via
1309 3954 1435 4029 malignis
1463 3957 1597 4025 pandatur
1615 3947 1814 4012 fraudatoribus
1832 3947 1864 4000 in

278 4043 329 4096 quo
343 4019 433 4092 perfici
450 4015 566 4077 debuit?
612 4050 616 4060 ι
1052 4033 1145 4075 necem
1162 4022 1323 4081 creditorum
1341 4021 1410 4082 clam
1427 4025 1553 4086 elocandi
1572 4031 1602 4082 in
1619 4036 1743 4094 tempora
1761 4017 1869 4090 longis-

214 4092 260 4168 39.
280 4095 339 4168 Quo
357 4094 385 4148 e'n
402 4090 455 4145 loco
473 4106 533 4161 opus
542 4086 703 4166 faciendum
720 4087 781 4146 cit?
798 4093 822 4148 ri
839 4091 970 4164 aiibifiot,
981 4113 1021 4150 ee·
1052 4089 1120 4143 sima
1137 4107 1178 4146 res
1194 4111 1254 4149 suas
1272 4093 1432 4166 immobiles,
1449 4097 1485 4154 ob
1502 4115 1573 4156 onus
1590 4095 1723 4153 diuturne
1741 4087 1806 4149 talis
1825 4085 1869 4144 lo·

282 4161 383 4219 demtu·
400 4159 472 4218 nibil
484 4165 550 4235 egit.
568 4163 617 4218 An
634 4161 725 4220 valeat
742 4161 867 4222 redemtio
883 4166 965 4236 operit
984 4165 1020 4219 ri-
1051 4164 1166 4216 cationlt
1184 4164 1275 4230 procul
1292 4165 1375 4222 dubio
1394 4167 1441 4222 vili
1456 4169 1545 4238 pretio
1563 4167 1592 4224 in
1603 4164 1719 4237 publicis
1727 4161 1866 4219 auctioni-

284 4253 317 4290 ne
333 4231 382 4289 loci
400 4229 575 4301 ardjeiiionc?
1052 4223 1102 4300 bus
1118 4230 1242 4301 deinceps
1259 4234 1458 4296 distrahendas.
1480 4237 1544 4312 Quo
1561 4239 1745 4298 distinctionis
1763 4245 1869 4299 tempe-

207 4309 253 4380 40.
275 4301 477 4380 Oteanduoperie
494 4302 633 4360 redemtori
650 4299 772 4359 soluenda
790 4305 940 4373 ritmercet,
956 4306 1020 4364 tr'de
1051 4314 1185 4373 ramento,
1202 4303 1272 4372 quod
1300 4323 1394 4374 nempe
1421 4309 1562 4376 privatim.
1577 4306 1650 4368 fecta
1674 4305 1775 4363 locatio
1793 4299 1868 4360 ultra

278 4396 308 4431 eo
326 4373 393 4448 nibil
406 4373 482 4439 netto
499 4367 663 4430 adluentit?
680 4373 728 4426 An
745 4389 873 4442 operenon
896 4374 1019 4452 perfodio,
1050 4369 1208 4429 decennium
1227 4371 1381 4434 firmitatem
1399 4374 1498 4436 habent
1525 4380 1596 4438 inter
1622 4375 1823 4436 contrahentes
1843 4373 1869 4424 i·

278 4463 309 4503 ut
317 4445 491 4514 prescriptum
509 4460 578 4513 erut,
595 4442 733 4498 redemtori
742 4447 855 4514 opurrelr'
890 4449 918 4500 ui
932 4453 1006 4515 poscit
1051 4457 1109 4511 ptos
1128 4445 1155 4501 dt
1174 4442 1281 4502 heredes
1289 4465 1390 4518 eorum,
1407 4463 1436 4504 at
1454 4468 1510 4505 non
1531 4452 1559 4508 ln
1582 4445 1764 4519 prejudicium
1790 4441 1868 4500 tertii

278 4535 316 4572 un
334 4516 419 4587 mugit
435 4512 557 4570 soreendo
576 4517 610 4569 tic
618 4533 716 4570 mercer
733 4467 1013 4583 prorocalimnnm.
1050 4518 1207 4572 successoris
1223 4517 1390 4584 particularis
1399 4532 1446 4575 aut
1462 4521 1626 4578 creditorum
1645 4520 1691 4591 qui
1709 4517 1869 4592 ei'posaent

278 4587 326 4643 An
343 4587 421 4652 operis
440 4589 548 4641 retentio
563 4601 608 4654 pro
627 4582 742 4638 merce'de
760 4590 888 4654 promitto
906 4583 967 4644 sic?
1052 4583 1135 4640 videri
1152 4583 1286 4644 macione
1305 4594 1332 4646 in
1353 4588 1465 4664 longum
1475 4587 1604 4664 fraudati,
1622 4561 1812 4649 dissidentium
1821 4589 1867 4641 in-

209 4657 252 4728 dt.
271 4658 314 4713 De
331 4655 553 4732 concrememur
571 4658 728 4728 magistrum
753 4658 830 4716 nevit
842 4654 880 4720 ,(3
897 4661 1019 4717 exercito-
1049 4663 1091 4710 tet·
1108 4673 1136 4710 se
1154 4651 1216 4714 Dii.
1235 4659 1391 4718 conciliatio
1408 4667 1510 4720 tentori
1528 4659 1598 4720 forte
1607 4662 1699 4732 possit.
1719 4661 1813 4728 quue
1822 4655 1867 4718 fit·

281 4748 331 4798 rer,
350 4728 508 4798 magistrum
526 4729 553 4785 dt
572 4729 650 4784 socier
668 4728 805 4794 nauticos,
824 4701 1018 4799 durnineemep
1049 4725 1097 4795 cit,
1114 4729 1185 4802 quod
1208 4745 1225 4786 a
1252 4723 1404 4790 Neostadio
1431 4731 1514 4790 Cupite
1537 4747 1606 4802 supp,
1626 4732 1704 4790 deris,
1729 4745 1773 4803 70,
1793 4732 1865 4789 Ant,

277 4799 348 4854 cium
368 4793 401 4858 (a
419 4797 598 4872 magistraret
616 4799 859 4880 enegietreetnctuue'e
871 4803 1018 4873 piscatorio
1050 4790 1182 4858 lllatthaeo
1194 4813 1301 4870 parurn.
1311 4801 1380 4878 Belg.
1384 4802 1484 4876 jurisc.
1491 4807 1620 4878 perunte
1638 4801 1664 4866 5.
1675 4821 1751 4886 num.
1771 4797 1815 4884 13.
1833 4818 1866 4859 a·
