4022 5358
300 211 347 285 72
464 251 466 254 .
636 261 638 264 .
925 203 1224 274 1111111111.

251 288 379 356 pisteriti
408 289 451 349 vel
472 290 559 348 vocati
576 299 740 351 testamento
759 293 850 352 minus
867 311 913 365 per
930 291 991 366 jura
1008 298 1049 353 ci·
1079 311 1144 354 num
1170 308 1217 354 aut
1239 291 1445 368 magistratuum
1473 307 1614 352 numerum
1639 309 1699 352 esse
1712 299 1886 368 cooptarunt

249 361 316 416 vilia
343 373 469 432 arentes
499 362 590 422 dando
616 361 798 432 publicianam
824 363 958 424 abiissem
984 364 1050 439 illis,
1078 384 1140 425 cum
1158 379 1249 424 11111111
1266 363 1336 424 nihil
1354 364 1409 425 tale
1427 383 1455 420 re
1472 363 1535 432 ipsa
1547 367 1722 438 contigisset,
1749 365 1821 423 solus
1839 365 1887 428 ille

267 437 295 488 ui
312 432 425 490 necdum
443 439 604 502 usucapione
622 434 772 493 dominium
789 437 977 510 quaesiverant,
995 436 1047 498 uc.
1077 439 1226 494 comannis
1252 437 1374 493 omniurn
1391 447 1438 492 aut
1475 432 1639 506 latorumque
1656 437 1827 506 privatorum
1843 456 1887 496 er-

245 448 281 564 51
299 502 395 572 quibus
411 501 479 562 alibi
494 505 548 562 suis
565 501 640 562 locis.
1079 525 1125 564 ror
1143 524 1198 564 non
1216 506 1303 577 pot'est
1321 505 1409 564 facere
1426 519 1454 563 ta
1491 503 1602 565 llionenr
1620 517 1668 563 aut
1686 508 1885 592 mgistratum,

281 571 309 642 d.
333 571 412 631 l’lura
429 576 463 634 de
480 587 622 642 pratorum
640 575 736 646 initiis,
762 575 905 648 dignitate,
923 574 1049 650 insigniis
1078 579 1125 648 qui
1142 577 1206 636 talis
1228 595 1285 635 non
1302 589 1361 650 est,
1384 575 1506 649 eoquod
1523 581 1564 634 sin
1584 575 1624 634 uli
1641 578 1769 645 privatum
1794 595 1889 636 erran-

245 641 481 728 mitigandum
499 663 556 702 nov.
576 643 620 713 24.
638 648 667 702 in
681 643 753 726 profi
771 667 829 702 non.
840 645 882 704 26.
893 660 936 719 29.
955 646 1050 710 Livius
1077 662 1127 718 tes,
1143 649 1377 718 etiamutprivari
1395 595 1674 716 considerandam,
1692 645 1888 708 neccolisttim

246 713 291 769 lrb.
308 713 337 771 6.
355 735 384 771 m
393 715 446 788 fin.
465 714 499 780 (a
517 713 563 770 lib.
574 729 600 786 7.
619 713 716 772 Gelius
729 714 777 774 tib.
794 713 958 787 15111115.
976 716 1049 778 Pan·
1078 718 1243 776 musiderari
1261 730 1373 790 queunt,
1390 733 1452 774 cum
1467 715 1573 784 nullum
1589 733 1732 775 commune
1749 721 1889 792 negotium

244 783 356 842 cirnllus
373 792 448 845 norit.
467 803 519 843 aar.
537 787 599 855 imp.
612 782 656 841 lib.
671 799 812 857 1.cap.29.
831 786 910 848 Alex.
929 786 964 846 ab
982 787 1049 850 Ale·
1078 804 1169 846 errore
1186 791 1331 862 gesserint,
1346 787 1504 856 nullumque
1521 801 1649 858 appareat
1666 801 1760 846 eorum
1769 805 1888 849 commu·

244 856 351 932 aaudro
370 877 428 930 gen.
447 857 511 915 dier.
529 853 577 912 lib:
594 871 618 912 a.
646 871 704 926 rap.
735 855 774 913 15.
803 854 921 914 Polletus
946 858 1048 936 birrorg.
1079 877 1113 914 ne
1131 853 1251 916 ladrum.
1269 858 1312 915 Ac
1329 859 1459 932 proinde,
1477 857 1540 915 licet
1558 874 1652 915 omnes
1668 863 1839 934 erraverint,
1857 879 1889 918 o·

237 924 297 998 ,lori
315 927 430 985 Romani
450 925 493 985 lib.
513 921 539 982 5.
558 940 647 996 capa.
658 922 686 982 5.
696 923 724 993 d.
741 924 884 986 Forsens
901 926 991 986 linos.
1003 933 1048 988 iu·
1078 943 1153 986 mnes
1168 942 1259 986 tamen
1286 942 1366 1000 atque
1383 931 1424 985 sin
1445 927 1483 987 uli
1503 941 1630 1000 tanquam
1657 929 1772 996 privati:
1800 936 1839 987 sic
1856 944 1889 990 tat

238 997 283 1050 sir
302 994 347 1054 lib.
367 1013 392 1054 a.
411 995 530 1066 castid-
549 993 655 1054 8186.
683 995 803 1055 Rosinus
829 1000 931 1068 antiqu.
957 997 1002 1058 lib.
1022 1015 1047 1074 7.
1077 999 1106 1056 lix
1125 999 1197 1055 ratio
1213 1002 1332 1068 saperius
1349 1000 1402 1057 add
1449 1017 1516 1056 aex
1536 998 1554 1053 l.
1567 993 1594 1054 5.
1612 998 1639 1054 C.
1658 997 1691 1054 de
1701 999 1886 1071 jurisdomn.

140 1113 144 1119 .
244 1066 452 1138 1111111141.
470 1064 505 1125 D.
525 1063 620 1124 Noodt
636 1063 812 1136 probabitis.
827 1085 848 1124 1.
859 1083 916 1139 cap.
926 1065 953 1125 6.
1073 1067 1137 1138 jad.
1156 1067 1201 1126 hic
1217 1087 1321 1140 quoque
1339 1067 1428 1126 locum
1442 1068 1556 1128 habeat.
1575 1065 1613 1125 ln't
1623 1079 1705 1140 certe,
1721 1072 1745 1126 si
1762 1069 1834 1128 solus
1853 1071 1889 1128 il-

282 1139 309 1196 5.
326 1137 397 1197 Cum
414 1151 503 1196 sutem
523 1135 587 1195 satir
604 1137 705 1207 species
721 1141 865 1204 extitisset,
889 1139 962 1210 quod
981 1137 1048 1197 Bat-
1079 1137 1270 1198 lenonmiunis
1292 1156 1367 1198 error
1384 1138 1516 1198 sufficeret
1543 1138 1578 1197 ad
1594 1149 1731 1213 gestorum
1760 1140 1891 1200 validita-

245 1209 337 1266 barius
364 1207 513 1281 Philippus,
537 1225 636 1282 servan,
658 1209 747 1268 seda
773 1208 886 1266 domino
929 1205 1049 1283 rofugus,
1079 1219 1134 1290 tem
1178 1227 1236 1268 non
1254 1230 1335 1286 usque
1362 1209 1429 1267 adeo
1455 1229 1506 1267 sua
1523 1207 1686 1268 iibersltsti
1714 1207 1891 1281 imperatores
1922 1253 1964 1302 0

245 1279 343 1340 Roma
361 1299 389 1338 se
405 1280 520 1342 liberum
536 1281 666 1351 gessisset,
683 1296 716 1337 ac
742 1291 861 1348 praetura
885 1227 1048 1339 (1511111ιί1111
1078 1249 1271 1354 vmd'icassent,
1286 1283 1357 1352 quod
1374 1286 1550 1338 sustineretur
1568 1291 1768 1352 testamentum,
1784 1283 1829 1339 cui
1840 1285 1904 1342 in·-

244 1352 417 1478 dignitatem(i
434 1349 570 1420 multaque
650 1366 712 1406 eum
729 1347 1048 1418 edidiacbtaessenta
1078 1359 1121 1405 ter
1138 1361 1218 1408 testes
1236 1351 1350 1422 reliquos
1367 1351 1477 1408 idoneos
1492 1367 1601 1422 servus,
1618 1351 1740 1408 omnium
1756 1353 1891 1422 opinione

244 1434 382 1491 comperta
417 1420 495 1478 einde
511 1421 582 1476 cerv·
597 1425 629 1475 ii
662 1422 703 1478 ius
719 1419 886 1491 conditione,
909 1422 1049 1489 quesitum
1079 1417 1148 1479 liber
1165 1421 1349 1493 existimatus,
1367 1418 1454 1480 suerat
1472 1418 1632 1490 adhibitus,
1641 1414 1675 1550 g
1694 1419 1745 1477 sed
1758 1440 1819 1480 cum
1836 1424 1877 1482 al'

243 1488 309 1560 suit,
325 1509 362 1548 an
378 1509 425 1559 per
440 1506 502 1549 eum
518 1492 547 1548 dr
565 1505 615 1560 apu
651 1507 712 1548 111111
737 1500 813 1562 gesta
840 1503 901 1547 rata
923 1488 1048 1550 habenda
1078 1488 1617 1563 1111111111.1111111111111111111.
1671 1509 1701 1547 ec
1719 1489 1889 1552 1111111111-

242 1574 342 1634 essent,
361 1581 410 1620 nec
429 1559 484 1619 ne?
510 1557 548 1618 Ec
574 1577 738 1631 responsum,
756 1559 900 1620 humanius
927 1581 992 1633 esse,
1017 1576 1049 1620 ut
1077 1573 1162 1689 fluat,
1180 1561 1250 1632 quod
1267 1580 1343 1623 error
1360 1559 1400 1633 jus
1415 1560 1504 1619 facere
1520 1563 1620 1620 dicitur
1646 1565 1677 1618 in
1695 1559 1714 1618 Ι.
1732 1582 1765 1620 su
1793 1561 1831 1620 lle
1859 1565 1891 1622 ili

244 1632 504 1704 militariumque
521 1629 624 1686 11111111
650 1631 757 1688 decreta
784 1631 829 1688 vel
854 1629 942 1692 editis
960 1642 1049 1704 erant,
1098 1671 1105 1685 .
1123 1627 1149 1706 §.
1168 1633 1216 1690 ult.
1231 1630 1266 1704 ffi
1283 1632 1316 1688 de
1332 1633 1422 1702 capell.
1437 1633 1488 1708 leg.
1511 1631 1634 1702 quodque
1651 1641 1736 1689 cessat
1790 1637 1890 1695 asedo-

241 1702 434 1774 seprrbarerur,
451 1701 569 1770 adeoque
585 1701 679 1756 omnia
696 1714 836 1762 manerent
864 1715 923 1760 rata
941 1715 1049 1774 propter
1078 1703 1157 1762 niani
1173 1704 1304 1776 arcentio,
1321 1707 1345 1760 si
1362 1704 1422 1773 quis
1439 1715 1564 1760 mutuum
1579 1704 1606 1758 ei
1623 1704 1823 1776 numeraverit,
1842 1707 1890 1774 qui

243 1773 391 1832 utilitatem
408 1788 510 1843 eorum,
528 1771 574 1842 qui
591 1771 661 1840 apud
679 1769 763 1829 talem
772 1783 912 1842 praetorem
920 1786 1048 1844 egerent3
1079 1790 1135 1833 non
1153 1789 1225 1831 vana
1242 1775 1385 1846 opinione,
1409 1772 1454 1831 secl
1472 1773 1536 1843 pler·
1568 1791 1601 1830 ue
1617 1771 1812 1844 pateramilias
1828 1793 1891 1846 cre-

242 1863 301 1904 non
320 1845 427 1916 quidem
443 1859 477 1900 ex
494 1841 632 1921 communi
649 1859 739 1900 errore
756 1841 858 1913 populi,
883 1847 930 1915 qui
948 1839 988 1913 jus
1007 1841 1048 1900 fa·
1077 1841 1209 1918 debatur,
1237 1845 1256 1900 l.
1276 1839 1468 1915 11111115.ῄῖ
1494 1792 1682 1902 semiannus.
1700 1841 1812 1900 Maced.
1835 1841 1890 1904 Es-

241 1933 304 1974 re-re
322 1933 377 1973 non
397 1923 505 1983 potest5
522 1929 582 1968 cum
601 1925 729 1979 insomne
746 1912 1048 1972 exvoluntateaccon·
1077 1913 1198 1973 enimin
1216 1911 1243 1970 d.
1261 1915 1279 1970 l.
1297 1909 1324 1970 5.
1342 1913 1376 1970 de
1392 1913 1523 1984 superari.
1543 1912 1651 1988 legata,
1671 1931 1747 1972 error
1764 1931 1886 1974 commu-

240 2004 321 2043 sensu
338 1983 498 2058 legislatoris
516 1980 641 2052 profluat,
657 1998 737 2055 quem
753 2001 829 2042 error
846 1981 984 2042 excludit:
1003 1987 1049 2044 ssd
1079 1985 1122 2040 nis
1138 1981 1229 2053 populi
1246 1985 1318 2042 circa
1336 1985 1409 2042 vocis
1425 1983 1653 2058 significationem
1670 1979 1711 2052 jus
1729 1979 1806 2060 facit,
1825 1988 1892 2056 quia

239 2055 329 2129 stragis
346 2072 379 2114 ex
398 2053 489 2125 populi
506 2051 709 2125 approbatione,
726 2070 782 2126 que
799 2054 917 2130 discusso
935 2049 989 2124 jam
1005 2073 1049 2116 er·
1079 2051 1160 2112 verba
1177 2070 1235 2110 non
1252 2052 1413 2114 audioritate
1428 2052 1546 2124 publica,
1562 2053 1611 2112 sed
1625 2073 1674 2112 usu
1691 2052 1792 2128 populi,
1811 2055 1888 2116 vale·

240 2145 321 2196 rore,
348 2143 379 2182 ac
394 2135 532 2194 comperta
551 2126 665 2181 11111111
691 2123 833 2182 subsecuta
851 2138 911 2192 ests
937 2137 998 2184 tum
1016 2144 1049 2184 ue
1080 2141 1109 2182 xe
1127 2136 1224 2186 notum
1241 2138 1300 2184 est.
1329 2123 1368 2183 iit
1386 2137 1417 2184 ut
1433 2125 1492 2194 quis
1509 2121 1552 2180 vel
1570 2122 1765 2192 pares-farsitus
1790 2124 1835 2184 vel
1856 2123 1890 2184 fi-

240 2195 361 2267 plurima
380 2197 494 2270 negotia
510 2193 582 2252 bona
599 2189 650 2251 fido
665 2207 741 2267 gesta
756 2195 972 2254 rescinderentur
987 2212 1055 2254 cum
1079 2190 1194 2252 liussam.
1214 2195 1261 2268 sit,
1276 2213 1310 2256 ex
1328 2203 1494 2268 privatorum
1511 2193 1637 2265 arbitrio,
1653 2211 1687 2253 ex
1702 2191 1770 2265 fato,
1788 2209 1887 2268 morte,

239 2269 407 2326 detrimento
425 2263 595 2336 reipublice,-
613 2275 672 2321 tum
688 2265 773 2323 etiam
799 2271 861 2335 quia
879 2264 989 2336 populus
1007 2266 1050 2326 vel
1079 2263 1264 2324 accidentibus
1281 2265 1341 2324 aliis
1358 2265 1509 2336 dependet,
1533 2263 1596 2322 licet
1614 2262 1722 2334 publica
1739 2281 1796 2322 non
1813 2265 1886 2326 adsit

240 2353 320 2398 aervo
338 2335 492 2395 libertatem
508 2333 582 2406 dare,
600 2331 644 2391 vel
655 2334 741 2407 legem
757 2309 882 2396 deservis
899 2353 1003 2406 quoque
1021 2341 1049 2393 ln
1079 2331 1240 2403 audieritas3
1258 2338 1409 2405 utproinde
1425 2335 1533 2392 facilus
1551 2336 1702 2392 communis
1719 2333 1809 2405 populi
1827 2339 1889 2406 opi-

241 2421 366 2478 pratorss
382 2405 512 2481 eligendas
529 2405 645 2463 condere
662 2407 809 2478 potuisset,
826 2415 855 2462 at
874 2425 907 2464 ue
924 2405 963 2463 ita
981 2403 1049 2465 Bar·
1080 2411 1127 2464 nio
1144 2418 1298 2478 errantem,
1315 2419 1395 2478 atque
1413 2405 1451 2463 ita
1467 2406 1622 2480 credentem
1639 2416 1764 2464 excuset.
1792 2405 1847 2464 Sed
1864 2409 1888 2466 si

234 2479 318 2537 bario
334 2492 475 2548 praturam
491 2479 647 2549 decernere,
664 2475 684 2534 l.
703 2423 894 2536 Barbariusqi.
908 2473 945 2566 ff.
962 2477 994 2534 de
1012 2475 1048 2553 rfl
1078 2477 1138 2547 quis
1155 2476 1189 2534 ad
1206 2476 1361 2536 tabellionis
1379 2495 1476 2535 munus
1498 2491 1546 2556 aut
1564 2478 1735 2549 magistratus
1761 2475 1887 2534 ollicium

239 2551 283 2620 fic.
300 2563 397 2619 pratas.
425 2547 498 2608 Vide
513 2549 549 2606 ad
565 2545 670 2606 hanel.
700 2545 804 2618 prolixe
827 2546 882 2608 iac.
900 2545 1049 2610 bothone·
1079 2549 1203 2607 admotus
1220 2545 1301 2608 suerit
1319 2567 1366 2617 per
1382 2565 1437 2621 eos,
1454 2549 1500 2617 qni
1518 2564 1573 2618 epus
1591 2544 1708 2604 faciendi
1726 2557 1889 2616 potestatem

135 2639 149 2658 ⁶
237 2622 305 2682 daun
322 2618 407 2678 libello
426 2617 569 2695 singulari.
799 2673 804 2680 ,
988 2658 993 2663 -
1079 2617 1192 2686 habent,
1209 2620 1307 2690 quique
1323 2635 1413 2676 errore
1430 2624 1569 2676 communi
1588 2623 1596 2672 i
1615 2628 1749 2674 norarunt
1775 2618 1889 2687 impedi-

274 2691 302 2749 6.
321 2689 515 2765 inquestione
538 2707 620 2763 ergo,
646 2707 683 2748 an
700 2693 771 2762 apud
789 2707 832 2748 ma
852 2694 976 2750 istratum
1002 2704 1049 2750 aut
1077 2703 1281 2766 mentum-quo
1299 2690 1404 2748 murrea-i
1422 2689 1547 2748 admotus
1564 2637 1613 2745 vei
1625 2688 1660 2745 ab
1676 2688 1759 2748 initio
1776 2686 1888 2744 inhabi-

238 2759 417 2820 tabellionem
434 2763 586 2833 putativum
602 2773 686 2835 gesta,
704 2762 817 2821 saman
826 2707 945 2822 gabaam
963 2759 1048 2820 firmi-
1078 2758 1112 2818 lis
1128 2771 1198 2830 erat,
1215 2757 1259 2814 vel
1278 2771 1338 2830 post
1355 2757 1487 2818 miletum
1503 2755 1538 2817 ab
1556 2760 1638 2816 initio
1656 2758 1709 2816 rite
1726 2775 1824 2816 munus
1843 2759 1889 2816 in-

172 2865 183 2880 =
237 2847 335 2903 tatem,
353 2849 433 2902 quam
450 2851 492 2904 ea,
509 2849 564 2902 qua
582 2839 674 2889 coram
692 2837 761 2890 veris
778 2844 842 2892 sunt
860 2830 920 2891 abia
933 2833 1049 2892 notariis
1076 2844 1184 2901 ceperat
1201 2828 1345 2888 inidoneus
1360 2847 1433 2902 esse,
1460 2834 1514 2903 ipse
1533 2830 1639 2902 quidem
1665 2829 1889 2897 1111111111-

237 2917 286 2960 aut
311 2900 531 2988 magistratibusa
557 2917 614 2960 rem
640 2919 749 2960 omnem
774 2901 945 2974 sequentibus
974 2921 1048 2973 posse
1077 2918 1140 2959 rans
1156 2902 1192 2960 ad
1208 2917 1324 2971 munais,
1340 2897 1442 2958 illudve
1460 2901 1581 2958 retinens
1598 2909 1694 2958 contra
1711 2896 1799 2972 leges,
1816 2916 1888 2957 eon·

236 2971 460 3033 distintironibau
477 2970 667 3042 comprehendi
701 2985 767 3032 uto.
798 2975 857 3032 Atat
873 2975 948 3034 enirn
963 2971 999 3036 ab
1016 2991 1047 3030 o·
1076 2987 1188 3048 gruente
1204 2989 1282 3042 poena
1297 2970 1461 3030 coercendus
1475 2986 1532 3044 est,
1552 2969 1570 3028 l.
1588 2971 1684 3026 Pieres
1701 2983 1726 3028 a.
1745 2967 1772 3024 C.
1790 2969 1814 3023 si
1832 2987 1890 3028 ses-

236 3043 348 3100 mnibus
374 3043 417 3102 vel
434 3042 565 3114 plerisque
591 3061 640 3113 pro
657 3059 685 3100 ta
721 3043 805 3102 illone
830 3041 873 3101 vel
890 3044 1048 3116 magistratu
1077 3065 1125 3100 aur
1143 3061 1192 3104 aaa
1209 3041 1316 3102 libertus
1334 3039 1375 3096 ad
1389 3040 1551 3100 decurtarat.
1572 3044 1687 3112 aspiras.
1714 3037 1760 3096 sed
1779 3035 1888 3097 firmum

236 3117 298 3186 quis
315 3113 367 3172 suit
386 3112 504 3186 habitus,
521 3125 568 3170 aut
585 3131 602 3170 a
621 3116 711 3184 paucis
727 3125 845 3185 tantum,
862 3119 908 3187 qui
915 3114 1046 3172 eumadi·
1077 3111 1256 3176 nihilominus
1272 3127 1352 3184 atque
1361 3124 1451 3170 ratum
1469 3111 1589 3170 manebit
1607 3129 1640 3166 ex
1650 3110 1773 3179 aequitate
1790 3111 1818 3168 81
1832 3107 1885 3164 hu·

236 3197 353 3244 verunt.
374 3187 430 3242 nia
442 3189 530 3254 paucis
547 3193 666 3254 tanturn,
685 3181 756 3240 nihil
773 3201 867 3244 eorrun
883 3199 939 3254 qun
957 3199 1048 3240 coram
1076 3187 1228 3256 nranitate,
1245 3183 1370 3256 quicquid
1389 3199 1478 3240 coram
1496 3180 1546 3237 tali
1565 3178 1712 3236 tabellione
1738 3177 1781 3232 vel
1799 3181 1890 3251 magi-

235 3273 271 3314 eo
288 3255 323 3311 ab
341 3256 404 3326 ipsis
420 3254 710 3329 eriam—ignorantibus
725 3267 809 3327 gesta,
825 3253 971 3321 subsistet5
989 3265 1047 3311 tarn
1076 3265 1164 3313 stratu
1181 3268 1303 3327 gestum,
1329 3269 1386 3310 non
1404 3269 1449 3324 per
1468 3257 1623 3324 ignorantes
1641 3259 1764 3316 tantum,
1778 3245 1839 3330 ,sed
1857 3252 1889 3308 81

236 3325 301 3396 quia
317 3326 430 3396 supinus
460 3329 489 3386 dr
507 3327 547 3382 ita
563 3343 622 3384 non
647 3325 820 3386 excusandus
840 3342 915 3384 error
931 3337 989 3396 est,
1018 3324 1047 3383 id
1076 3341 1124 3394 per
1141 3327 1254 3384 scientes
1271 3325 1512 3395 impedimentum,
1538 3339 1600 3379 cum
1617 3315 1688 3377 sorte
1707 3333 1800 3386 paucas
1818 3315 1889 3378 illaad

236 3399 374 3468 ignorare,
392 3399 466 3470 quod
483 3395 601 3467 1111111111
618 3407 730 3467 norunt,
747 3397 775 3454 81
793 3397 865 3465 quod
881 3397 940 3464 quis
956 3397 1046 3464 inqui·
1075 3399 1257 3464 innotuisset5
1285 3415 1340 3454 non
1358 3408 1469 3464 propter
1489 3407 1658 3452 communem
1675 3401 1823 3460 errorem,
1840 3389 1889 3447 sed

236 3467 323 3524 sendo
340 3468 495 3542 diligenter,
513 3473 643 3538 potuisset
661 3463 761 3522 habere
776 3476 883 3536 notum,
901 3465 919 3521 l.
937 3482 983 3520 nec
1000 3485 1045 3523 su·
1075 3481 1182 3538 propter
1207 3466 1425 3540 designationem
1446 3476 1497 3525 'seu
1518 3460 1696 3534 eledtionem,
1719 3462 1747 3520 81
1769 3460 1889 3518 umine

232 3542 298 3609 pina
316 3539 343 3598 6.
360 3539 379 3594 l.
398 3538 487 3613 regula
504 3550 530 3607 9.
547 3527 575 3609 §.
591 3533 722 3608 srdfailr'
739 3549 764 3590 a.
775 3531 813 3605 ff.
827 3533 859 3590 de
864 3535 941 3608 juris
959 3531 1045 3608 11111-
1075 3555 1167 3598 errore
1192 3535 1360 3601 subsecutam
1377 3537 1491 3594 tacitam
1514 3531 1764 3604 oomprobationem
1792 3546 1888 3589 eorum

235 3611 275 3666 aii
297 3610 389 3683 'aav.,
415 3627 471 3681 arg.
499 3610 520 3664 l.
536 3609 602 3662 irem
620 3608 644 3662 si
660 3620 687 3679 7.
703 3599 730 3679 §-
746 3604 851 3674 proinde
877 3604 911 3668 (1
928 3605 951 3660 si
969 3619 995 3676 7.
1006 3603 1045 3676 ff.
1075 3609 1121 3678 qui
1138 3607 1256 3680 eligendi
1273 3625 1305 3664 ac
1322 3605 1518 3678 comprobandi
1535 3613 1696 3676 potestatem
1713 3599 1816 3661 habent
1857 3615 1888 3656 ut

234 3678 270 3734 de
286 3627 470 3738 gaesaream.
499 3675 660 3757 Macedon,
686 3678 716 3736 dt
732 3687 762 3734 ut
780 3690 860 3733 nemo
886 3673 966 3756 debet
991 3693 1046 3733 esse
1075 3691 1140 3736 ante
1156 3677 1277 3748 ditium,
1296 3679 1490 3734 convenienter
1507 3677 1555 3750 legi
1572 3675 1656 3734 terrie
1666 3665 1705 3746 ffl
1722 3669 1749 3728 b.
1768 3688 1788 3728 r.
1817 3641 1889 3729 iiie

232 3749 344 3823 ignarus
361 3748 527 3808 conditionis
544 3764 609 3818 erus,
626 3763 687 3804 caan
704 3765 756 3818 quo
783 3752 957 3818 itaneeetus,
975 3745 1045 3815 apud
1074 3747 1126 3806 lac.
1146 3745 1349 3806 Gothofrsdun
1369 3746 1453 3804 libello
1470 3747 1564 3818 singul.
1582 3743 1623 3801 ad
1636 3741 1665 3800 d.
1683 3743 1702 3799 l.
1724 3736 1765 3798 15.
1777 3735 1853 3824 Μ.
1864 3758 1886 3798 1.

231 3835 314 3888 quem
331 3819 479 3890 contrahit,
497 3814 637 3887 sitimque
652 3818 733 3890 gerit,
750 3787 770 3874 i.
789 3823 835 3890 qui
851 3837 913 3874 cum
930 3816 984 3870 alio
1004 3829 1044 3886 19
1075 3830 1100 3876 tr.
1119 3815 1144 3875 5.
1164 3815 1290 3876 Zoesium
1308 3816 1350 3872 ad
1365 3815 1447 3872 Pand.
1467 3817 1492 3874 b.
1510 3833 1531 3874 r.
1549 3813 1693 3874 liesoldum
1709 3809 1820 3870 delibat.
1832 3831 1887 3885 Ju-

229 3887 267 3959 ffi
286 3889 316 3944 ds
333 3911 383 3965 reg.
396 3890 488 3961 juris.
517 3887 589 3945 Tum
605 3891 690 3948 etiarn
705 3889 792 3960 quia,
820 3890 862 3946 uti
880 3887 1045 3956 privatorum
1074 3892 1111 3946 ris
1128 3888 1169 3944 ad
1181 3887 1268 3946 Pand.
1288 3885 1334 3944 lib.
1358 3905 1379 3942 1.
1398 3908 1424 3944 n.
1442 3885 1486 3960 47.
1501 3900 1559 3962 pag.
1583 3883 1640 3943 151.
1662 3879 1719 3942 155.
1838 3933 1840 3940 ,

233 3956 319 4030 petiis
337 3957 484 4030 jurndittio
500 3955 544 4016 vel
560 3970 676 4028 potestas
693 3958 801 4029 publica
816 3959 879 4016 dari
897 3961 991 4020 nequit
1009 3957 1044 4025 ei,
1109 3973 1134 4031 7.
1152 3955 1223 4017 Cum
1241 3976 1305 4016 vero
1322 3975 1401 4026 penes
1419 3974 1468 4014 nos
1487 3959 1570 4014 moris
1596 3961 1650 4027 sit,
1676 3967 1707 4013 ut
1725 3951 1887 4011 tabelliones

232 4033 281 4102 qui
299 4047 359 4086 eam
376 4049 432 4088 non
451 4028 543 4100 habet,
561 4037 599 4086 sic
616 4044 646 4089 ut
657 4028 753 4087 inutile
769 4029 815 4101 sit,
832 4027 957 4100 quicquid
975 4037 1044 4084 ata·
1075 4048 1132 4088 non
1148 4028 1236 4088 solum
1253 4047 1270 4094 a
1287 4029 1433 4099 provincie
1451 4025 1576 4099 cuiusque
1591 4024 1751 4098 ordinibus,
1779 4021 1822 4080 vel
1838 4039 1887 4078 or-

231 4101 256 4156 ii
283 4099 433 4170 profatum
459 4112 517 4172 est,
541 4101 560 4156 l.
577 4105 742 4170 privatorum
768 4096 794 4156 3.
813 4097 839 4154 C.
857 4096 890 4153 de
902 4095 1042 4170 jwirditi.
1073 4100 1151 4158 dines
1179 4097 1429 4170 repraesentantibus
1456 4099 1546 4160 Curiis
1569 4094 1798 4168 provincialibus,
1821 4103 1887 4150 tan-

232 4191 305 4230 omn.
319 4170 381 4244 jud
400 4169 1042 4244 (9111111111.111111111111ο,1ο<111111111
1072 4187 1153 4242 quam
1170 4171 1261 4230 idonei
1278 4167 1497 4241 comprobentur:
1516 4167 1562 4226 sed
1578 4172 1685 4239 insuper
1703 4167 1735 4222 in
1754 4164 1803 4224 illa
1819 4161 1887 4222 urb'e
1950 4219 1953 4226 .

231 4246 372 4300 communi
389 4258 498 4302 errores
516 4262 551 4300 ne
568 4239 689 4311 alioquin
706 4242 749 4313 id,
766 4240 837 4310 quod
855 4257 889 4296 ne
907 4256 1053 4308 expressus
1074 4239 1116 4299 vel
1133 4240 1211 4312 loco,
1230 4239 1279 4298 ubi
1296 4240 1403 4313 praxim
1420 4240 1566 4298 exercitari
1584 4250 1666 4310 sunt,
1690 4256 1706 4296 a
1724 4241 1886 4308 magistratu
1971 4277 1981 4295 .

208 4337 211 4342 ¹
229 4315 341 4386 quidem
358 4326 443 4381 potest
459 4330 622 4384 consensus,
640 4331 657 4368 ο
691 4325 764 4368 retur
783 4313 868 4380 ipsum
884 4324 1043 4379 consensum
1073 4311 1454 4379 nominatinadmittsntur5
1471 4309 1568 4381 duplex
1586 4326 1719 4380 superesse
1737 4315 1825 4376 potest
1834 4305 1887 4364 du-

160 4393 166 4408 ·
231 4383 376 4442 excludens
393 4400 489 4443 error.
504 4379 588 4455 Quod
605 4386 661 4441 sia
699 4379 823 4437 omnibus
840 4379 1042 4464 autplerisquer
1073 4381 1189 4455 bitatio,
1206 4398 1320 4454 quarum
1338 4383 1426 4450 prima
1442 4392 1502 4453 est,
1519 4399 1556 4438 an
1575 4379 1682 4438 valeant
1701 4379 1887 4435 instrumenta

232 4455 390 4523 videndum,
407 4467 498 4512 utrum
512 4455 686 4526 magistratus
701 4449 914 4510 auttabellionas
933 4449 1042 4507 situum
1072 4466 1204 4523 tanquam
1222 4451 1338 4523 publica,
1356 4449 1391 4506 ab
1404 4452 1438 4508 iis
1446 4458 1598 4520 conscripta
1614 4463 1691 4509 extra
1709 4443 1887 4506 Provinciam

233 4525 419 4593 impetraverit
441 4523 478 4583 ab
496 4525 548 4597 iis,
574 4526 620 4594 qui
637 4523 720 4582 talem
747 4523 857 4580 creandi
883 4531 1042 4591 potestatem
1072 4523 1158 4596 illam,
1175 4541 1192 4580 a
1208 4517 1284 4588 cuius
1301 4519 1442 4580 ordinibus
1459 4536 1506 4590 aut
1517 4519 1641 4592 Principe
1659 4515 1766 4590 probati
1793 4520 1823 4577 dr
1836 4536 1886 4577 au-

230 4596 354 4667 habent,
371 4611 432 4652 curn
450 4606 542 4654 tamen
559 4597 591 4652 in
608 4607 699 4654 creato
716 4591 801 4667 legale
818 4589 936 4654 subesset
956 4590 1041 4661 impe-
1072 4593 1198 4652 ueritate
1214 4593 1321 4662 publica
1338 4595 1434 4651 donati
1451 4605 1531 4650 sunt.
1553 4591 1667 4678 aises-a,
1685 4607 1722 4645 an
1739 4609 1772 4670 su
1788 4594 1886 4646 sistant
1922 4637 1933 4650 .

229 4670 406 4734 alimentum,
422 4685 475 4734 quo
491 4668 582 4725 minus
597 4679 749 4724 crearetur:
769 4683 805 4722 an
823 4681 888 4722 vero
906 4679 1042 4734 nunquam
1072 4662 1196 4724 confedia
1275 4677 1323 4721 eos·
1339 4665 1413 4718 intra
1429 4665 1602 4733 provinciam
1619 4661 1730 4736 quidem
1746 4670 1820 4734 trus,
1836 4662 1885 4734 qui
1984 4681 1987 4686 ·

231 4735 387 4805 hujusmodi
415 4732 518 4795 fisndlio
535 4741 561 4797 ei
581 4755 642 4796 vere
660 4734 750 4794 delata
776 4737 830 4792 sit.
858 4731 890 4792 Si
907 4733 982 4792 enim
998 4751 1041 4789 so-
1072 4737 1142 4804 ipsos
1159 4735 1213 4808 pub
1227 4737 1266 4792 'ca
1285 4733 1415 4792 instruxit
1432 4733 1603 4806 auiioritate,
1620 4733 1764 4802 sedtamen
1784 4731 1813 4786 in
1826 4734 1884 4787 alia
1917 4773 1929 4790 -,

230 4807 369 4870 dummodo
387 4809 520 4870 creditum
541 4805 621 4884 vulgo
640 4806 739 4880 fuerit,
765 4808 852 4878 ipsum
869 4811 898 4865 in
916 4801 1041 4864 tabellio-
1072 4805 1137 4870 urbe
1159 4805 1250 4868 aliove
1268 4803 1346 4879 loco,
1373 4821 1454 4876 quum
1471 4808 1503 4866 in
1521 4821 1574 4880 quo
1591 4821 1703 4880 praxeas
1728 4802 1883 4867 mesenas

1794 4907 1803 4939 l
