4022 5354
239 167 390 339 pisidio,
408 260 437 318 in
455 261 518 319 dsl.
536 256 562 320 3.
581 263 610 320 C.
628 259 660 316 dr
676 274 756 334 negot.
770 273 836 334 gest.
854 173 987 322 reddidit
995 175 1048 324 dii,
1065 170 1302 336 &affl-'mem
1316 278 1409 334 *gerere
1426 261 1572 332 pmuisret,
1589 254 1710 330 segieth
1727 251 1834 324 aliena,
1855 249 1890 310 l.

241 335 377 408 gotiotum
393 348 531 404 gestorum
548 337 577 388 in
596 331 741 390 individuis
758 333 839 402 gestis
855 333 1046 392 subsidiariam
1076 337 1093 392 i.
1112 341 1135 392 ri
1151 333 1362 400 comessurus-do.
1375 329 1412 404 ff.
1435 331 1467 388 ds
1483 335 1588 407 negotiir
1611 334 1707 402 gerris.
1735 327 1795 397 rit,
1817 340 1889 384 cum

241 417 350 462 ranutm
366 420 440 474 esse,
456 421 518 461 curn
536 401 639 458 scilicet
657 398 766 455 familie
785 403 948 460 erciscundae
977 403 1046 472 iudi-
1076 407 1217 464 individua
1234 403 1306 461 solus
1323 409 1351 458 in
1371 402 1485 460 solidum
1500 403 1600 475 gessit,
1619 401 1702 468 potes't
1719 399 1749 464 in
1766 413 1886 454 socon·

240 475 285 532 eio
302 470 357 542 jam
374 469 463 530 adium
480 489 540 544 est,
556 472 675 542 adeoque
693 468 804 539 amplius
820 475 864 540 agi
883 490 919 529 eo
937 479 1045 546 nequit.
1074 481 1127 544 cipi
1144 478 1249 531 animus
1283 473 1377 531 erendt
1395 479 1428 530 ει
1445 473 1566 528 auucitia
1582 469 1720 546 coheredis
1744 469 1886 540 negotia,

238 542 331 602 Primo
357 544 431 600 eninr
457 542 561 599 nullum
587 539 613 596 d.
632 543 649 596 i.
666 535 691 596 3.
708 553 756 596 aut
773 538 839 595 aiibi
856 542 986 601 iudicium
996 562 1046 620 est,
1069 546 1184 604 dum&
1201 491 1314 618 diuidua
1330 560 1421 616 gerere
1437 541 1555 600 solebat:
1582 542 1628 598 sed
1653 543 1680 600 dt
1708 552 1793 622 possut
1821 535 1886 622 hnc

239 611 375 672 adiionem
401 615 571 682 negotiorum
601 622 737 683 gestorum
769 627 826 666 esse
859 611 1046 672 subsidiariam
1076 615 1215 672 individua
1232 611 1304 670 solus
1319 612 1428 683 gessisse
1443 630 1495 684 qua
1512 609 1609 678 heres,
1625 610 1690 668 dum
1707 607 1742 664 ab
1759 608 1819 664 altis
1835 609 1889 668 da-

239 680 345 743 abiioni
364 679 470 738 familia
488 683 665 749 erciscundae,
681 683 708 737 dr
727 681 777 734 bac
795 682 902 738 demum
919 683 1045 742 deiicien-
1071 685 1163 741 viduis
1180 684 1303 754 gerendis
1321 679 1471 750 abstinuit,
1489 701 1537 740 nec
1556 680 1638 736 aliam
1655 679 1692 736 ob
1710 695 1817 734 cauum
1836 683 1889 736 in-

62 795 67 806 .
174 787 177 793 -
240 765 269 810 te
287 753 366 809 dari.
385 749 483 810 Sed&
500 752 619 808 secundo
635 760 765 819 repugnat
783 745 920 806 auronum
938 753 1008 812 ind.
1027 758 1045 812 i.
1075 755 1186 813 dividua
1204 756 1234 808 in
1251 751 1367 810 solidum
1383 753 1484 822 gessit,
1500 749 1719 832 quamquiapro
1737 762 1886 814 partenon

239 817 269 889 5.
287 823 481 889 propositarum
498 832 618 877 servatus
634 820 718 887 ordos
742 817 806 877 dum
823 823 995 886 premittitur
1012 826 1046 883 de
1075 825 1162 890 potuit
1196 823 1306 890 ideoque
1323 835 1429 888 propter
1444 839 1522 878 suam
1539 833 1643 888 partem
1659 837 1690 876 tn
1706 817 1886 877 solidumde-

240 891 391 950 individuis
407 891 488 974 gestis
505 886 577 966 aeiio
595 891 764 960 negotiorum
807 903 944 963 estorum,
969 896 1046 965 eique
1077 862 1331 961 buit,·beteditaria
1349 911 1368 946 n
1400 893 1456 944 otia
1473 889 1543 948 solus
1560 885 1693 946 tradiare.
1722 884 1803 956 Quod
1830 905 1888 968 au-

242 957 350 1018 semilis
367 959 527 1018 irmelind&
548 956 774 1026 iudicim'subssfl
801 961 872 1027 ituri
889 979 952 1020 cum
960 969 1046 1031 potius
1076 975 1131 1018 tem
1148 979 1165 1016 a
1183 957 1269 1018 Paulo
1285 971 1365 1030 atque
1404 968 1531 1028 omponio
1547 955 1651 1019 ditium
1676 954 1746 1026 fuit,
1774 972 1888 1025 propter

239 1035 409 1102 negotiorum
418 1039 554 1100 gestorum
562 1025 643 1096 adiio,
652 1028 674 1082 si
683 1026 843 1084 subsidiaria
860 1027 962 1102 fuisset,
980 1034 1045 1090 ulti·
1076 1033 1121 1103 id,
1137 1031 1207 1098 quod
1225 1048 1295 1087 unus
1312 1032 1342 1094 in
1361 1031 1433 1085 viem
1449 1044 1618 1086 communem
1635 1026 1707 1084 solus
1728 1028 1887 1098 impendit,

240 1115 288 1154 mo
303 1099 437 1158 debuisset
455 1100 520 1168 poni
537 1095 615 1166 luco.
642 1093 784 1168 Denique,
809 1100 832 1153 si
858 1117 914 1168 qua
939 1100 976 1156 ob
993 1101 1046 1174 J'arn
1075 1101 1244 1159 eiadversus
1260 1111 1362 1156 ceteros
1380 1117 1434 1156 non
1453 1100 1514 1157 dari
1531 1096 1666 1157 astionem
1684 1098 1822 1155 communi
1840 1097 1889 1154 di-

242 1167 324 1225 semei
341 1179 466 1238 motum,
484 1185 532 1225 nec
549 1169 649 1224 iterato
665 1169 846 1238 movendum,
876 1165 983 1230 familie
1000 1193 1043 1231 er-
1076 1171 1215 1239 vidundo,
1231 1187 1278 1228 seu
1294 1167 1386 1226 durius
1413 1187 1469 1225 erre
1510 1190 1544 1226 aa
1562 1192 1580 1224 a
1596 1171 1624 1238 i,
1651 1165 1701 1222 sed
1722 1169 1887 1239 negotiorum
1987 1195 1990 1218 s

240 1238 373 1296 ciscunds
393 1235 518 1308 iudicium
535 1233 606 1293 adiio
624 1233 781 1293 subsidiaria
798 1251 885 1308 esset,
911 1257 973 1297 eam
990 1259 1045 1298 non
1070 1257 1202 1312 gestorum
1221 1235 1351 1312 agendum
1367 1259 1440 1309 esse,
1469 1211 1487 1294 d
1510 1252 1550 1310 ¹9·
1567 1185 1595 1313 d
1612 1253 1637 1292 a.
1664 1239 1799 1293 communi
1825 1235 1887 1292 div.

241 1309 416 1382 negotiorum
449 1317 567 1363 estorunr
585 1305 631 1362 sed
647 1308 786 1364 communi
803 1308 953 1367 dividundo
961 1309 1045 1370 adiic-
1074 1308 1130 1380 cius
1149 1309 1220 1364 ratio
1236 1305 1379 1379 singularis
1397 1307 1451 1365 bsc
1467 1323 1525 1380 est,
1555 1306 1626 1380 qnod
1642 1311 1778 1362 communi
1809 1306 1889 1362 divi-

236 1395 304 1434 nem
322 1374 396 1447 fore,
414 1323 546 1445 Uipianus
562 1345 659 1443 docet,
676 1378 693 1433 i.
712 1379 735 1430 ri
746 1375 811 1446 filia
829 1393 873 1434 ao.
897 1379 935 1448 ff·
956 1380 1045 1450 firmi·
1074 1379 1166 1436 dundo
1184 1379 1310 1448 iudicium
1326 1384 1374 1432 sua
1392 1392 1490 1435 natura
1507 1397 1556 1448 pro
1574 1391 1665 1436 rerum
1684 1387 1790 1433 tantum
1822 1394 1891 1430 cor-

239 1447 282 1509 iis
299 1445 325 1516 4.
336 1442 374 1516 ffi
392 1445 417 1506 i.
434 1463 455 1502 r.
474 1441 534 1504 Nec
551 1460 611 1515 est,
627 1445 701 1515 quod
715 1444 869 1518 obiiciatur,
886 1447 987 1508 adiioni
997 1470 1045 1507 ne·
1075 1447 1204 1517 paralium
1220 1447 1352 1504 divisione
1368 1463 1553 1514 comparatum
1569 1449 1624 1516 sit,
1647 1445 1665 1500 i.
1681 1459 1726 1513 prr
1744 1442 1789 1500 hoc
1801 1444 1889 1514 judi-

238 1518 376 1589 gotiorutn
392 1527 526 1588 gestorum
544 1514 632 1573 iocum
649 1531 705 1573 non
720 1533 785 1586 esse,
794 1521 817 1571 si
828 1520 886 1586 quis
897 1537 953 1576 non
963 1521 1045 1589 sp'on-
1075 1520 1146 1574 cium
1163 1515 1190 1586 4.
1205 1531 1244 1585 pr.
1256 1512 1294 1584 ff
1310 1519 1442 1572 communi
1458 1518 1511 1583 edo.
1531 1535 1588 1574 non
1607 1519 1673 1574 item
1687 1514 1887 1583 prodivisione

238 1601 267 1643 re
284 1603 349 1655 sua,
365 1587 412 1645 sed
429 1605 463 1644 ex
481 1591 638 1644 necessitate
655 1591 764 1655 gesserit
781 1585 879 1655 aikna,
894 1583 921 1661 β.
943 1607 965 1646 ι.
977 1589 1044 1646 Inrr.
1075 1585 1193 1656 jurium,
1211 1587 1353 1655 interque
1371 1591 1453 1642 etiam
1470 1589 1611 1644 servitutes
1629 1596 1804 1642 numerantur
1822 1583 1883 1642 dd.

239 1653 271 1710 de
289 1655 392 1730 obligat.
410 1674 465 1728 qua
482 1657 560 1726 quasi
577 1673 610 1710 ea
626 1655 771 1711 contradis.
790 1655 908 1714 Cumis
926 1659 951 1714 d.
969 1652 995 1729 §.
1019 1678 1041 1715 ι.
1078 1668 1119 1727 19.
1137 1653 1174 1724 15.
1192 1653 1218 1722 d.
1229 1651 1267 1725 ff]
1285 1659 1418 1710 communi
1435 1653 1488 1710 dio.
1515 1658 1594 1726 idque
1619 1656 1702 1724 quia,
1723 1659 1764 1710 uti
1786 1653 1885 1715 Paulus

239 1736 330 1796 gestor
348 1742 403 1780 Ποῦ
421 1724 477 1780 ᾶῙῙΟ
493 1742 570 1789 senili
587 1721 981 1796 se'negoiiisalieniigetendis
995 1725 1045 1782 ob·
1077 1729 1132 1792 ipse
1149 1727 1283 1797 suggerit,
1301 1723 1376 1780 nulla
1388 1729 1537 1783 comissario
1548 1725 1622 1796 juris
1640 1727 1783 1792 separatim
1802 1725 1886 1780 intel-

236 1793 332 1852 tuiisse
347 1795 473 1864 dicatur,
499 1809 579 1861 quam
604 1806 734 1862 quatenus
758 1796 915 1854 mandatum
941 1797 1046 1858 domini
1074 1795 1120 1865 ligi
1135 1809 1234 1861 potest,
1250 1791 1278 1848 A.
1296 1791 1315 1847 l.
1338 1806 1379 1864 ¹9·
1396 1791 1433 1860 ff.
1457 1811 1481 1850 a.
1509 1807 1539 1852 ut
1566 1792 1680 1863 proinde
1707 1810 1757 1850 nec
1781 1793 1886 1852 divisio

236 1880 295 1919 non
313 1877 371 1921 erat
389 1865 594 1932 interpositum.
615 1863 658 1920 De
675 1873 765 1924 cetero
782 1867 864 1923 etiarn
881 1879 968 1936 tunc,
985 1883 1045 1923 cum
1073 1875 1153 1933 queat
1171 1860 1260 1918 locum
1277 1863 1419 1917 invenire.
1444 1863 1525 1922 Unde
1542 1859 1663 1933 fabium,
1690 1874 1719 1918 ut
1736 1859 1810 1920 ador
1828 1862 1886 1924 boc

237 1946 271 1992 et
288 1935 446 1993 necessitate
481 1933 527 1990 uid
544 1946 649 2004 gestum
674 1944 733 2003 est,
760 1935 931 1992 neminum
956 1946 1044 2007 gesto·
1074 1949 1137 1990 casu
1153 1929 1311 1992 eledionem
1328 1927 1427 1990 babere
1445 1951 1500 1990 non
1518 1935 1655 2004 potuerit,
1678 1945 1772 1989 utrum
1799 1949 1885 2005 nego-

236 2017 297 2060 rum
313 2002 448 2063 sidionem
463 1951 524 2060 dari
553 2019 627 2070 posse
657 2013 730 2070 patet
747 2021 780 2060 ex
794 1951 819 2064 d
844 2004 885 2059 air
900 2017 991 2071 ρυιον
1016 1999 1044 2060 5.
1075 2005 1176 2060 tiorum
1192 2009 1329 2074 gestorum
1345 1995 1433 2072 seito,
1451 2021 1487 2058 an
1505 2005 1644 2062 communi
1660 2001 1820 2070 dividundo,
1834 2021 1889 2060 ex-

236 2063 264 2144 §.
280 2087 338 2140 perr.
352 2068 388 2143 ff.
406 2071 438 2127 dr
456 2091 512 2144 neg.
526 2071 605 2144 gerris
623 2069 648 2126 d.
667 2073 686 2125 i.
705 2067 730 2126 3.
749 2071 819 2136 (31.
841 2069 881 2128 18.
900 2074 929 2130 C.
948 2071 981 2128 dr
998 2093 1045 2128 m·
1075 2072 1155 2140 periti
1166 2069 1283 2140 maliet,
1300 2071 1346 2128 sed
1362 2071 1419 2129 sola
1436 2071 1559 2130 debuerit
1579 2073 1747 2145 negotiorum
1773 2069 1884 2132 scirem

232 2144 310 2221 goriir
322 2144 423 2217 gestis,
440 2142 459 2197 l.
477 2138 565 2216 tiberis
583 2142 626 2198 vel
639 2143 726 2196 amico
742 2139 787 2198 δι.
806 2142 836 2210 15
837 2185 843 2198 .
871 2143 921 2200 ult.
975 2183 981 2196 .
1012 2141 1044 2197 de
1076 2152 1222 2204 contentus
1240 2159 1315 2200 esse.

234 2231 270 2267 ru
311 2204 939 2286 ‚gestir‚1.arbor',quaer9.d.ripert-un
973 2215 1000 2268 ni
1018 2227 1047 2288 2.Ι
1107 2209 1152 2279 da
1171 2208 1315 2282 Superest,
1332 2222 1362 2268 ut
1380 2210 1493 2270 defore
1509 2223 1679 2282 competente
1697 2209 1775 2280 buius
1792 2209 1878 2270 adiis-

237 2353 242 2356 -
262 2321 269 2336 .
287 2287 423 2338 communi
438 2279 492 2337 din.
511 2285 586 2340 ut&
604 2298 637 2337 ex
653 2299 706 2352 eo,
723 2282 794 2352 quod
820 2283 966 2341 adversarii
983 2299 1044 2340 eam
1073 2284 1115 2336 nis
1132 2281 1221 2347 paucis
1238 2282 1383 2339 videamus:
1395 2279 1441 2340 ubi
1458 2295 1523 2339 ante
1539 2284 1633 2339 omnia
1641 2283 1880 2349 considerandum,

237 2349 334 2406 saltem
352 2354 382 2408 in
400 2349 548 2410 subsidium
566 2355 595 2406 iu
613 2349 758 2409 individuis
775 2351 835 2408 dari
854 2351 958 2410 volunt.
976 2349 1044 2410 Non
1073 2351 1108 2407 ad
1125 2366 1209 2430 unum
1225 2351 1391 2422 eundemque
1409 2348 1523 2416 iudicem
1540 2369 1588 2419 pro
1608 2351 1764 2410 ventilando
1773 2347 1824 2406 hoc
1833 2350 1878 2408 di-

234 2421 322 2480 etiam
337 2417 714 2478 adversissimam
733 2420 770 2489 ff.
788 2440 839 2476 non
864 2437 972 2479 tantem
1002 2422 1043 2482 ιθ.
1072 2420 1173 2475 risorio
1190 2420 1290 2487 iudicio
1307 2419 1450 2477 coheredes
1466 2437 1561 2478 omnes
1578 2424 1670 2480 venire
1687 2433 1826 2490 oporterei
1846 2437 1882 2476 ΠΕ

231 2482 271 2566 ff.
289 2487 315 2546 i.
333 2504 354 2548 t.
373 2487 421 2548 ubi
437 2491 586 2564 denegatur
603 2485 675 2546 adiio
692 2491 864 2561 negotiorum
880 2504 1017 2561 gestorum
1035 2510 1044 2560 ς
1072 2491 1240 2546 coutinentia
1257 2507 1341 2548 causas
1358 2491 1514 2560 dividatur,
1532 2509 1617 2560 neve,
1634 2497 1657 2546 si
1673 2491 1793 2548 diversos
1817 2489 1879 2546 adi·

236 2563 298 2632 quia
314 2556 424 2618 coheres
442 2575 547 2628 propter
563 2576 640 2616 suam
658 2574 760 2628 partem
778 2557 1041 2634 habuitcausamge-
1073 2570 1134 2618 rent
1151 2553 1268 2628 judices,
1285 2557 1490 2639 inetplicabiies
1507 2560 1569 2616 inde
1585 2559 1719 2636 orirentur
1727 2555 1878 2617 difficulta-

237 2629 333 2690 rendi.
352 2625 466 2687 idteuim
484 2631 538 2686 illic
556 2642 664 2686 tantum
683 2632 784 2690 intuitu
802 2632 976 2698 praestationis
985 2630 1043 2688 cul·
1073 2638 1130 2698 tes,
1147 2645 1202 2684 uno
1219 2628 1328 2696 quidem
1346 2629 1431 2692 iudice
1448 2646 1505 2688 rem
1522 2626 1598 2684 Titio
1614 2627 1877 2704 adrudisante,aite-

235 2717 278 2767 pe
296 2697 437 2757 levissime
456 2701 629 2772 negotiorum
647 2695 717 2756 adio
734 2717 790 2756 non
808 2712 959 2770 competere
974 2701 1043 2758 dici·
1072 2716 1104 2755 ro
1121 2714 1186 2754 veto
1200 2699 1312 2758 eandem
1329 2695 1427 2756 Mevia
1443 2703 1610 2771 resignante,
1627 2695 1671 2754 vel
1687 2698 1747 2753 sine
1764 2695 1875 2762 adiudi-

237 2783 299 2830 tur.
320 2765 458 2842 Quaritur
474 2769 599 2840 scilicet,
626 2767 731 2837 qualem
748 2767 854 2837 cuipam
871 2767 979 2828 coheres
995 2788 1042 2828 co-
1071 2763 1225 2824 cationibus
1241 2783 1302 2826 eam
1319 2767 1393 2826 velut
1411 2767 1551 2826 dividuam
1568 2769 1639 2824 inter
1665 2763 1808 2824 coheredes
1826 2782 1881 2833 pro

232 2835 329 2898 herodi
347 2851 471 2908 prestare
487 2837 600 2898 debeat:
626 2855 738 2908 uimque
755 2840 796 2910 is,
821 2841 869 2909 qui
886 2851 982 2909 sponte
1007 2841 1042 2898 ad
1065 2849 1132 2894 ,rata
1150 2835 1308 2909 dividente,
1326 2838 1344 2894 l.
1368 2856 1390 2894 ι.
1407 2834 1440 2908 ff.
1460 2836 1493 2892 de
1509 2835 1577 2908 quib.
1596 2833 1668 2894 nius
1685 2833 1878 2904 adeundjud.

232 2907 326 2968 aliena
344 2914 450 2981 negotia
468 2909 584 2982 gerenda
602 2910 731 2979 accessit,
756 2912 790 2968 ad
808 2905 943 2968 levissime
959 2909 1042 2980 culpa
1070 2923 1167 2976 eatur,
1184 2923 1240 2981 arg.
1259 2909 1277 2963 i.
1296 2910 1320 2964 sr'
1338 2905 1409 2964 idem
1431 2926 1472 2965 ιι.
1490 2901 1518 2976 d
1537 2907 1587 2966 ult.
1600 2901 1638 2976 ff.
1657 2905 1837 2981 dejusissdii.
1858 2909 1879 2961 i.

234 2980 434 3046 prestationem
452 2977 589 3036 deviabitis
607 2977 654 3048 sit,
670 2975 818 3062 definitur,
835 2979 959 3038 heredem
985 2998 1042 3039 non
1071 2977 1140 3034 saie·
1154 2991 1256 3044 prorsm
1280 2995 1319 3036 ro.
1338 2977 1364 3033 C.
1383 2975 1416 3032 da
1427 2975 1563 3060 jediciis,
1580 2975 1650 3034 Ant.
1669 2973 1756 3035 Faber
1778 2975 1812 3030 t'.
1832 2974 1877 3034 lii.

123 3112 126 3117 Ι
232 3048 290 3108 nisi
307 3046 340 3104 de
357 3045 411 3104 levi
427 3047 505 3116 culpa
522 3053 625 3116 teneri,
652 3050 717 3116 quia
736 3047 833 3108 incidit
858 3055 889 3106 in
920 3065 1041 3106 commu-
1069 3040 1095 3102 5.
1115 3063 1137 3102 ι.
1156 3045 1199 3103 25.
1216 3044 1294 3122 defin.
1312 3041 1338 3104 5.
1357 3043 1531 3104 Christtneus
1548 3045 1590 3102 ad
1613 3045 1675 3123 Lag.
1706 3043 1830 3102 necitis
1859 3063 1880 3100 t.

231 3117 426 3242 ”iffi‘mfum
442 3113 622 3200 roboreis&
640 3129 746 3188 propter
758 3135 832 3200 sum
850 3130 949 3186 partem
959 3124 1041 3175 etiam
1069 3112 1114 3238 36.
1131 3132 1183 3172 air.
1201 3113 1245 3182 db.
1263 3134 1290 3195 sq.
1307 3130 1334 3188 9.
1353 3116 1449 3200 Andr,
1460 3113 1545 3188 cht
1562 3115 1607 3173 lib.
1630 3135 1654 3174 ι.
1675 3113 1771 3176 adsero.
1789 3109 1835 3240 5213
1850 3137 1878 3170 s.

234 3183 821 3334 fn‘tiisis‘i‘idiiinfsrtiii
834 3187 1041 3326 isidis
1069 3223 1095 3308 st
1112 3181 1881 3336 fastiditis?‘2¹iflnffiiiiiisii‘sii

232 3341 281 3393 per
299 3319 407 3384 familie
424 3325 584 3388 erciscunds
603 3323 731 3394 iudicium
753 3328 880 3396 consequi
908 3343 963 3384 nou
992 3345 1039 3396 po-
1069 3326 1112 3380 cia
1130 3337 1192 3392 rape
1210 3343 1293 3380 unum
1315 3322 1440 3396 ‚iudicem
1466 3323 1562 3380 beders
1587 3325 1679 3384 multis
1708 3324 1742 3386 do·
1767 3323 1877 3382 adversi,-

143 3409 146 3413 '
231 3392 306 3464 tuit,
324 3393 378 3452 aiis
395 3397 457 3468 via,
475 3391 583 3456 sitione
602 3399 770 3466 negotiorum
791 3407 947 3467 gestomm,
972 3414 1038 3453 eon·
1062 3393 1188 3469 fhvrnulir
1205 3392 1305 3458 salmis
1322 3412 1368 3450 nec
1385 3393 1445 3450 alia
1462 3399 1556 3464 species
1573 3409 1659 3467 eruut,
1677 3395 1787 3449 etiamsi
1808 3415 1877 3452 umis

231 3476 396 3536 secuturum,
411 3485 469 3541 qua
486 3483 548 3522 cum
563 3462 671 3524 afflone
688 3461 797 3523 familie
805 3466 964 3524 erciscundae
972 3483 1039 3525 con-
1068 3463 1200 3520 duntaxat
1226 3483 1246 3517 a
1270 3460 1370 3526 ausim
1386 3463 1500 3522 eandem
1517 3485 1591 3533 vera,
1618 3479 1697 3535 arque
1721 3482 1752 3516 ts
1777 3461 1880 3520 eadem

231 3551 342 3606 epar-rere
360 3549 483 3606 poterat,
501 3539 593 3594 manet
610 3531 812 3606 jurisconsultus
828 3539 853 3590 ei
870 3533 918 3607 (id
933 3545 974 3593 est
990 3531 1038 3596 be·
1068 3552 1151 3590 causa
1162 3545 1253 3604 ’ριἰτ,
1269 3545 1319 3590 aut
1335 3531 1386 3590 dieo
1403 3533 1439 3589 ab
1456 3535 1507 3592 uiro
1543 3549 1592 3592 aut
1607 3533 1693 3603 plain
1711 3552 1729 3586 a
1744 3529 1895 3602 pluribus,

231 3605 291 3663 redi
308 3603 390 3676 iaso)
409 3609 540 3665 adiissem
557 3607 715 3682 negotiorum
727 3623 859 3681 gestorum
872 3622 921 3662 non
938 3624 967 3663 co
1024 3607 1038 3647 ·'
1067 3599 1136 3678 quod
1149 3601 1264 3664 accidere
1282 3603 1311 3658 in
1327 3599 1494 3663 berediraiiir
1512 3577 1601 3662 ditibus
1624 3605 1729 3660 interim
1756 3603 1853 3658 scimus
1863 3628 1874 3657 .-

232 3691 307 3745 me,
325 3675 445 3748 scilicet,
462 3679 496 3736 de
513 3675 561 3734 ilis
578 3675 657 3746 culpa
674 3673 828 3747 levissima,
843 3685 941 3731 contra
957 3692 991 3732 co
1011 3693 1038 3732 e·
1066 3675 1148 3746 quia,
1165 3674 1289 3745 quamuis
1306 3677 1334 3730 ia
1352 3674 1444 3732 maiis
1459 3676 1593 3746 pisonis,
1612 3687 1797 3731 causatamen
1815 3691 1873 3728 urta

229 3747 341 3817 sedem,
368 3751 412 3820 qui
429 3745 507 3816 cuipa
525 3745 658 3806 levissima
684 3745 761 3804 rebus
782 3742 970 3804 communibus
992 3744 1037 3804 is·
1066 3760 1125 3809 ests
1142 3747 1194 3800 nisi
1211 3745 1237 3798 ri
1250 3741 1362 3801 conditio
1378 3759 1547 3814 pesonarum
1574 3740 1721 3816 quaesrr'imr
1748 3745 1874 3806 variasse·

230 3817 335 3872 sionem
353 3816 500 3880 intulerat.
519 3812 586 3874 Non
604 3832 668 3871 sane
685 3815 719 3873 de
735 3817 809 3883 aiio,
833 3829 913 3886 quam
930 3815 962 3872 de
978 3815 1037 3872 cui-
1066 3815 1119 3876 rit.
1138 3810 1176 3871 iit
1192 3813 1418 3886 quemadmodum,
1432 3811 1589 3876 universalis
1607 3812 1803 3874 fideiconrmissi
1821 3812 1873 3880 Epe-

229 3905 270 3953 pvs
287 3887 457 3952 prestatione
474 3899 627 3950 sermonem
640 3900 696 3942 esse
714 3892 743 3942 in
761 3885 787 3940 d.
806 3877 832 3954 ὁ.
854 3881 895 3942 ι6.
913 3886 941 3936 in
960 3901 1036 3956 aper·
1065 3885 1129 3942 titio
1148 3881 1204 3941 beri
1222 3881 1279 3938 iilic
1331 3895 1400 3955 test,
1418 3883 1465 3940 ubi
1482 3881 1568 3953 major
1585 3889 1638 3942 sita
1654 3896 1693 3942 est
1713 3881 1872 3939 hereditatis

230 3967 334 4018 tuest.
356 3951 479 4024 Quodsi
496 3953 649 4026 generalem
666 3951 781 4012 aRionIs
805 3957 971 4024 negotiorum
989 3972 1035 4028 ge-
1065 3968 1142 4022 pars,
1161 3951 1179 4008 i.
1198 3955 1270 4010 unic.
1309 3951 1380 4010 .ubi
1435 3956 1630 4012 eicommissum
1645 3955 1702 4024 pm*
1715 3966 1792 4022 oport.
1813 3950 1830 4007 i.
1849 3951 1879 4004 ri·

222 4034 335 4082 storum
351 4023 531 4088 eteiusionem
548 4021 637 4087 verbis
654 4020 708 4081 illis
732 4027 753 4079 s'
773 4019 915 4080 nificatam
940 4023 1034 4093 dicas,
1055 4019 1294 4094 fideicommissum
1310 4020 1352 4078 5³.
1392 4021 1595 4096 ,dejudiciir,
1622 4028 1660 4080 ita
1677 4038 1779 4096 qtsoque
1798 4019 1872 4080 here·

225 4107 333 4154 uecesse
351 4087 450 4162 fuerit,
468 4107 499 4158 ut
517 4094 601 4149 etiam
620 4109 648 4156 ιιι
671 4091 744 4149 rndrv
775 4110 816 4152 urs
832 4107 892 4150 eam
908 4092 1032 4164 denegari
1061 4089 1155 4147 ditatis
1172 4091 1334 4147 divisionem
1353 4092 1409 4150 iilic
1428 4099 1481 4162 peti
1491 4133 1501 4164 ,
1518 4091 1566 4154 ubi
1582 4089 1669 4162 major
1686 4107 1775 4150 rerum
1792 4090 1871 4156 here-

227 4170 352 4229 statuas,
366 4179 431 4232 cum
445 4167 502 4222 sine
520 4161 693 4225 distinfflone
719 4159 764 4221 lex
791 4161 937 4231 loquatur,
963 4164 1033 4230 quod
1061 4159 1224 4222 ditaturum
1240 4177 1301 4230 pars
1318 4162 1370 4218 sita
1391 4175 1451 4234 est,
1477 4165 1525 4219 vix
1551 4161 1764 4236 ambigendum.
1794 4158 1875 4230 imo,

226 4227 385 4294 absurdum.
405 4225 514 4289 Nititur
533 4250 597 4290 tero
615 4228 754 4289 discissus
770 4233 905 4300 superior,
922 4248 954 4286 ac
972 4233 1031 4298 opi·
1061 4235 1100 4288 uti
1117 4227 1286 4294 induQiones
1303 4228 1430 4296 heredum
1448 4239 1477 4290 in
1494 4235 1605 4291 domum
1615 4229 1872 4290 mortuariamiiunt

226 4302 277 4356 nio,
291 4301 325 4356 de
348 4315 479 4362 concursu
507 4297 621 4379 astionis
647 4295 757 4363 amitte
783 4300 943 4364 erciscundae
969 4315 1031 4364 crim
1061 4317 1107 4368 per
1133 4297 1232 4369 iudices
1260 4297 1313 4357 ioci
1339 4300 1431 4374 iliius,
1457 4299 1504 4366 ubi
1522 4304 1617 4367 domus
1645 4301 1793 4379 mortuaria
1811 4311 1871 4369 est„

226 4370 398 4442 negotiorum
415 4382 575 4442 gestarumi
615 4372 675 4442 cio,
684 4373 793 4436 retiam
808 4375 875 4428 satis
886 4369 1030 4433 evidente:
1060 4371 1135 4438 quasi
1153 4368 1210 4432 iilic
1227 4371 1280 4430 sita
1297 4369 1335 4434 sit
1353 4371 1399 4436 vei
1412 4371 1509 4437 saltem
1525 4391 1581 4432 esse
1600 4371 1716 4445 fingatur
1728 4367 1871 4441 nuqorbe-

224 4457 292 4504 nam
309 4442 333 4502 si
351 4444 410 4516 quis
427 4437 502 4500 solus
517 4441 549 4503 in
564 4446 612 4494 so·
650 4455 680 4500 m
693 4440 965 4516 praecisamentis.
978 4439 1033 4500 sibi
1060 4440 1186 4503 rediretis,
1199 4456 1283 4512 pars,
1297 4441 1335 4496 sic
1353 4455 1383 4498 ut
1400 4459 1435 4506 ne
1453 4440 1549 4511 pupiiii
1570 4443 1680 4512 quidem
1707 4457 1755 4498 atu
1783 4439 1867 4496 vidus

222 4527 285 4569 cum
301 4510 358 4570 aiio
373 4507 622 4585 negotia'dividrn,
635 4527 692 4568 non
710 4510 765 4568 aito
782 4511 813 4570 id
829 4511 922 4572 animo
939 4505 1031 4571 fecisse
1059 4507 1168 4580 aliaque
1185 4507 1355 4574 miserabiles.
1374 4527 1494 4580 puseus,
1516 4523 1583 4574 tunc
1608 4511 1756 4586 secundum
1769 4525 1870 4569 mores

223 4583 311 4641 videri
329 4595 427 4654 potest,
445 4597 527 4652 quam
543 4593 593 4649 ut,
610 4589 742 4652 taniam
757 4577 900 4644 coheredis.
913 4581 1029 4650 anricus,
1060 4593 1167 4642 nostros¹
1180 4595 1229 4644 stro
1247 4577 1298 4642 fori
1321 4580 1461 4654 priviiegio
1487 4585 1527 4646 uti
1555 4584 1676 4653 possint,
1703 4567 1872 4638 Neostadius

222 4671 271 4723 pro
289 4672 323 4710 eo
339 4651 456 4722 solvens,
473 4650 593 4716 eundem
606 4647 777 4728 negotiorum
792 4663 927 4722 gestorum
944 4645 1032 4712 ediis.
1057 4649 1146 4706 cesis
1159 4642 1232 4710 iiiii.
1250 4647 1328 4710 dacis.
1347 4649 1389 4707 55.
1407 4657 1446 4711 ita
1555 4673 1569 4711 e
1594 4655 1624 4709 in
1649 4651 1745 4710 eodem
1770 4651 1872 4726 danais

221 4741 258 4786 se
274 4724 327 4787 sibi
346 4723 468 4786 redderet
485 4715 665 4785 asvtntisos
687 4717 752 4794 dam
774 4733 830 4800 qia
852 4716 930 4784 heres
953 4735 1029 4784 stata
1056 4715 1285 4788 mansisses
1301 4715 1440 4799 saionem
1456 4669 1522 4786 iim
1537 4725 1571 4785 'e
1582 4719 1741 4787 erciscundae
1757 4720 1867 4817 instita·
