4012 5344
771 197 822 264 De
847 194 1028 264 retentoria
1053 195 1191 267 nerone.
1726 187 1773 264 85
1865 212 1885 238 ι.

159 293 202 353 vel
218 289 351 360 mancipia
369 293 398 349 in
410 291 597 363 negotiatione
613 305 647 347 er
660 291 747 349 meroe
764 305 866 360 parata,
878 293 896 348 Ι.
914 309 974 360 pro·
1041 285 1065 342 5.
1086 289 1166 358 Quod
1191 285 1214 346 si
1234 285 1372 371 inequalis
1399 289 1547 357 mercium,
1569 285 1713 344 tributioni
1730 286 1820 342 obnc«

158 369 286 423 curatoris
305 365 330 419 5.
348 357 373 436 6.
393 366 416 417 ri
431 377 520 430 presse
541 357 625 420 15&
645 359 685 428 16
701 357 735 430 ff.
753 359 779 416 b.
798 379 819 416 t.
838 360 883 417 vel
900 363 924 415 si
944 362 973 422 in
1003 359 1120 426 aurunt,
1138 369 1185 414 aut
1196 361 1273 424 pretii
1291 359 1355 415 ande
1364 355 1483 425 rededi,
1492 358 1654 426 distributio
1672 353 1740 413 faiis
1760 361 1815 422 sits

157 435 262 504 peculio
281 433 377 489 habeat
397 435 513 499 pretium
539 447 573 485 es
591 434 688 488 mercis
706 431 848 497 peculiaris
875 431 970 487 vendi·
1002 428 1025 480 si
1042 429 1149 492 quidem
1171 429 1230 483 sine
1245 427 1310 483 dolo
1327 427 1514 485 distribuentis
1532 427 1560 486 id
1578 427 1722 494 acciderit,
1742 423 1817 506 lasus

156 510 233 564 tione
250 504 398 569 redadiunt,
408 502 508 558 illudve
524 507 548 558 ei
566 499 653 558 adhuc
671 497 708 555 ab
725 499 875 558 emtoribus
893 498 971 556 debi·
1003 512 1057 560 nan
1084 507 1181 552 contra
1197 497 1403 563 distribuentem
1438 500 1483 556 sed
1500 516 1563 568 eos,
1589 499 1634 566 qui
1660 498 1717 564 plus
1744 508 1816 565 puto

157 587 216 630 tum
234 578 286 644 sit,
305 575 329 626 d.
348 579 365 628 Ι.
384 572 409 629 5.
427 571 464 644 6.
483 591 533 626 nors
551 589 643 626 earm
666 588 707 626 ιι.
735 571 769 631 &⁸
790 586 829 626 12.
849 565 931 640 ff-b.
949 586 970 625 t.
1002 572 1141 622 consecuti
1155 572 1227 633 sunt,
1246 585 1390 640 regressam
1411 539 1510 640 babet,
1529 573 1557 623 vi
1575 567 1675 624 scilicet
1691 573 1815 638 cautioni

158 641 254 700 Distat
274 645 383 698 interim
402 659 477 696 merx
496 641 634 711 peculiaris
652 657 667 694 a
682 640 795 711 peculio,
815 657 871 696 non
890 641 920 693 in
938 657 971 696 eo
1002 653 1101 700 Ρθῐεοε
1121 638 1363 705 intet·posite,cum
1383 639 1508 704 petebant
1519 657 1551 694 ac
1560 635 1722 694 obtinebant
1741 653 1813 694 mer-

157 725 285 781 tantum,
303 714 373 780 quod
392 711 525 784 pmulium
543 709 694 766 inmobilia
720 728 793 776 teque
810 727 842 764 ac
860 707 971 764 nubtiis
1001 709 1039 758 cis
1053 704 1239 778 tributionem,
1258 706 1284 761 d.
1302 707 1356 764 ti
1382 704 1407 784 6
1418 710 1466 765 ult.
1479 705 1517 783 ff
1536 707 1563 764 l.
1582 725 1601 762 t.
1620 709 1643 761 si
1663 723 1727 760 vero
1743 721 1812 768 con7

154 785 296 852 completis
316 791 406 852 queat,'
423 798 497 836 merx
517 779 657 848 mositatis
674 777 785 834 mobilia
805 791 933 845 tantum,
951 781 983 854 l.
1000 791 1131 849 currente,
1143 774 1284 833 tribuentis
1300 776 1382 848 dolo,
1401 781 1422 834 is
1439 779 1472 836 de
1490 797 1539 834 suo
1555 773 1756 844 creditoribus,
1771 777 1815 832 ito

85 853 93 858 “
158 858 253 909 mercis
271 853 410 920 oppressio
427 851 470 909 66.
511 847 567 902 .de
586 847 653 903 areb.
673 844 758 922 μ’μ’.
777 850 868 904 sedet
898 849 970 915 quod
1001 846 1089 900 minus
1106 845 1227 914 adeptis,
1255 843 1306 901 hoc
1323 847 1452 906 damnum
1479 867 1506 906 re
1525 863 1600 903 arare
1623 843 1813 914 compellitur,

158 933 216 980 eise
233 930 312 992 possit
332 938 405 978 merit
423 923 577 988 pertristis,
594 921 646 995 etsi
663 923 724 974 nihi
752 920 783 972 ln
801 887 904 986 penalia
922 923 969 985 sit,
1001 913 1017 964 l·
1038 911 1220 995 liudgeroque
1238 928 1263 982 7.
1281 910 1306 990 6.
1326 919 1349 970 sr'
1365 939 1443 990 cujus
1462 933 1487 972 2.
1507 868 1524 972 6
1541 918 1568 972 8.
1584 912 1619 982 ff.
1640 915 1666 969 b.
1685 933 1704 969 t.
1724 921 1762 970 sic
1781 929 1812 970 ut

156 992 223 1048 dum
242 992 309 1047 illud
338 1009 392 1046 non
412 991 594 1060 intelligitur,
623 993 674 1043 nisi
691 986 870 1059 dedadloeo,
897 990 967 1054 quod
999 981 1342 1062 dstoadlsontstrrbutoris
1363 987 1596 1056 linessint,alter,
1613 1004 1665 1063 quo
1682 983 1812 1043 distribue

154 1064 226 1128 patri
243 1063 390 1120 dominove
407 1059 529 1127 debetur,
547 1059 564 1111 Ι.
587 1074 607 1110 ι.
626 1051 651 1128 6
669 1058 829 1122 peculiarem
840 1072 872 1112 a.
888 1053 921 1123 ffi
942 1056 967 1113 b.
999 1065 1039 1106 tro
1058 1054 1169 1119 petitur,
1187 1054 1257 1112 alter
1275 1073 1329 1124 quo
1347 1057 1373 1114 id
1388 1057 1565 1126 desideratur,
1574 1068 1605 1111 ut
1621 1072 1676 1123 etus
1694 1053 1749 1125 jam
1768 1049 1810 1108 fa-

151 1145 175 1187 r.
194 1145 274 1200 atque
293 1138 399 1200 insuper
416 1126 554 1186 adliohec
571 1124 715 1182 tributaria
732 1129 766 1184 de
784 1141 872 1184 merce
890 1145 968 1194 pecu-
997 1117 1044 1202 bie
1063 1125 1226 1194 iniquitas&
1246 1126 1409 1196 inaequalitas
1426 1129 1592 1196 emendetur,
1600 1117 1627 1197 6
1657 1141 1763 1179 terena
1781 1122 1808 1190 A.

152 1199 216 1256 llari
236 1215 360 1269 perpetua
379 1201 535 1272 sit,·etiarn
552 1209 609 1266 post
628 1209 741 1255 rttortem
758 1211 804 1251 aut
822 1201 968 1252 manutms·
999 1206 1060 1271 ''¹5“
1080 1192 1223 1261 quodcum
1241 1214 1288 1266 aa,
1314 1201 1360 1265 qui
1378 1199 1405 1250 in
1422 1197 1501 1252 alien.
1521 1211 1610 1266 potest.
1632 1139 1702 1250 6010
1720 1207 1812 1251 autem

153 1273 276 1336 sionem5
294 1287 399 1327 cumen
416 1263 609 1324 adversoablio
626 1265 659 1320 de
678 1264 781 1331 peculio
798 1279 856 1333 post
874 1272 966 1320 extin·
998 1275 1087 1316 minus
1104 1261 1234 1339 tributum
1253 1265 1425 1338 intelligitur,
1435 1283 1489 1321 non
1508 1267 1598 1334 niodo,
1614 1281 1674 1320 cum
1694 1264 1812 1331 ineque-

81 1341 86 1348 '
154 1336 227 1396 ἃιιιιι
245 1356 332 1397 morte
345 1335 616 1394 vet'rnanumusione
626 1336 762 1403 peculium
779 1335 886 1392 annalis
903 1347 966 1390 tan·
998 1329 1031 1384 lis
1048 1332 1147 1387 divisio
1166 1329 1235 1389 iotis
1253 1347 1312 1408 est,
1329 1339 1392 1395 dum
1410 1335 1571 1394 distribuens¹
1590 1331 1705 1405 negabat
1722 1340 1810 1390 sciens

155 1425 215 1464 tum
231 1411 276 1477 sit,
296 1411 312 1464 Ι.
331 1411 398 1478 pria
414 1425 466 1461 nen
491 1401 517 1458 8.
533 1400 565 1472 ff?
584 1403 610 1458 b.
628 1419 648 1458 t.
668 1403 750 1472 juno.
768 1421 789 1458 t.
809 1402 845 1473 'ffi
856 1404 966 1473 quando
997 1401 1119 1467 prudens,
1137 1402 1312 1462 creditoribus
1328 1403 1459 1475 deberi,l.
1479 1405 1550 1462 illud
1563 1425 1659 1476 queque
1675 1419 1700 1473 7.
1717 1395 1743 1476 6.
1763 1403 1812 1457 sed

156 1477 190 1532 de
205 1479 287 1544 pecul.
316 1479 370 1533 ali.
390 1475 482 1530 annal.
500 1489 538 1529 err
555 1514 564 1542 ,
582 1474 697 1542 denique
713 1477 796 1528 etiam
822 1474 965 1531 tributaria
996 1467 1028 1529 ib
1046 1473 1070 1525 si
1087 1475 1219 1542 negaverit
1238 1472 1263 1541 Δ.
1276 1469 1313 1546 ffl
1333 1476 1358 1532 b.
1377 1493 1397 1531 r.
1415 1475 1461 1532 sed
1478 1480 1505 1533 nr
1523 1476 1545 1530 si
1564 1476 1652 1529 minus
1669 1476 1808 1530 consecuti

152 1564 202 1617 pro
219 1565 307 1604 nrerce
325 1545 450 1614 peculiari
467 1557 555 1600 emtor
573 1544 643 1598 servi
664 1545 829 1612 negotiantis
847 1562 902 1600 non
923 1557 963 1599 te·
995 1542 1050 1593 sint
1067 1543 1212 1598 creditores
1229 1544 1266 1600 ob
1281 1545 1319 1615 id,
1333 1546 1403 1612 quod
1421 1547 1546 1602 dominus
1563 1543 1604 1602 vel
1623 1555 1706 1612 pater,
1724 1544 1807 1614 quire

151 1628 251 1674 neatur
268 1614 411 1674 deficiente
432 1616 546 1671 scientia
563 1625 590 1668 et
609 1613 740 1680 patientia
757 1613 832 1682 eius3
860 1620 904 1681 qui
918 1623 963 1668 ta·
993 1624 1085 1674 torum
1103 1607 1163 1664 loco
1180 1610 1281 1670 arbiter
1308 1630 1452 1684 aprstore
1469 1617 1548 1672 datus
1574 1627 1613 1671 est
1631 1611 1712 1685 (cunt
1731 1626 1819 1680 pater·

150 1699 227 1758 men,
246 1699 272 1741 ut
285 1703 415 1754 possessor
431 1687 497 1743 enti
514 1685 595 1756 servi,
606 1678 712 1738 altiore
728 1683 762 1740 de
778 1683 881 1751 perito
898 1699 963 1738 con·-
995 1677 1036 1736 vel
1054 1677 1179 1736 motinus
1199 1687 1251 1748 ipse
1265 1689 1366 1740 invitus
1384 1685 1540 1740 tributionis
1557 1703 1625 1740 onus
1642 1681 1732 1739 subire
1751 1699 1806 1737 nors

151 1757 241 1812 veniri
260 1769 356 1826 potest,
375 1758 393 1810 Ι.
412 1756 444 1810 dr
460 1757 557 1823 paralio
579 1747 666 1819 roff.
685 1750 710 1807 b.
727 1769 750 1806 t.
891 1759 912 1782 ·“
992 1744 1182 1818 compellatur,
1199 1749 1225 1804 d.
1246 1755 1264 1807 Ι.
1284 1768 1309 1821 7.
1329 1754 1367 1822 6.
1390 1773 1413 1810 r.
1426 1749 1465 1826 ff.
1484 1753 1511 1809 b.
1528 1749 1588 1825 n),
1606 1750 1641 1808 ab
1657 1751 1806 1808 emtoribus
1855 1777 1859 1788 ·

185 1825 212 1894 4.
234 1825 320 1881 Datur
347 1839 438 1883 autem
456 1822 602 1884 tributoria
621 1823 694 1892 iliis,
717 1827 762 1895 qui
789 1822 961 1880 crediderunt
992 1825 1087 1873 mercis
1103 1819 1244 1886 peculiaris
1257 1827 1371 1890 pretium
1389 1842 1444 1880 non
1462 1825 1550 1895 exegit
1562 1821 1623 1890 ·,vel
1641 1838 1741 1882 tnerces
1759 1839 1804 1889 pe-

150 1892 329 1952 filiol'amilias
346 1895 388 1953 vel
406 1911 484 1952 servo
501 1892 652 1961 negotianti
672 1893 700 1946 in
720 1893 964 1961 mercepeculiari,
992 1889 1045 1942 rire
1064 1905 1151 1955 motus
1167 1892 1279 1960 cstsvei
1297 1893 1402 1952 vilioris
1419 1895 1482 1952 data
1499 1910 1579 1962 opera
1595 1894 1719 1948 distraxit
1728 1912 1741 1957 ‚-
1760 1891 1802 1947 vel
1898 1897 1905 1911 '

150 1977 290 2023 eteorum
316 1965 480 2034 haeredibus,
507 1975 603 2018 contra
621 1959 784 2028 patrem'vel
802 1962 961 2032 dominum,
991 1957 1103 2014 modam
1120 1961 1303 2028 avertit3qno
1320 1979 1381 2019 casu
1399 1966 1425 2020 &
1445 1958 1613 2019 stellionatus
1631 1964 1732 2018 crimen
1752 1975 1804 2034 ese,

149 2036 234 2092 etiam
252 2035 327 2092 bone
346 2034 407 2092 fidei
426 2049 618 2102 possessorem,
635 2047 667 2085 ac
686 2027 879 2102 festinationi,
895 2049 960 2102 quo·
991 2025 1016 2082 d.
1036 2028 1053 2082 Ι.
1073 2041 1097 2097 7.
1116 2027 1212 2100 §.ced
1226 2030 1422 2092 &simenem
1441 2029 1465 2088 5.
1478 2027 1517 2104 ff.
1535 2031 1560 2088 b.
1579 2049 1599 2088 t.
1616 2031 1633 2086 Ι.
1645 2024 1672 2104 6.
1693 2050 1716 2088 ι.
1735 2050 1803 2086 vers.

146 2105 203 2161 aies
219 2105 260 2163 ad.
271 2121 316 2160 eos
334 2106 451 2174 pertinet
470 2117 544 2159 merx
562 2100 719 2170 peculiaris;
736 2113 831 2156 contra
852 2101 960 2160 beneclee
990 2095 1039 2152 scd
1052 2096 1084 2158 Θ
1102 2099 1126 2166 si
1142 2101 1199 2168 quir
1210 2098 1249 2171 ff.
1271 2103 1442 2159 stellionatus.

147 2190 205 2230 aton
224 2173 317 2247 ultra,
335 2191 416 2243 quarn
434 2187 565 2243 quatenus
588 2185 622 2225 ex
641 2170 704 2226 dolo
720 2166 841 2227 defundi
865 2172 899 2230 ad
916 2188 960 2226 eos
1016 2163 1050 2222 ·6.
1070 2167 1216 2240 Ceterum,
1233 2176 1255 2228 si
1272 2191 1362 2230 servus
1378 2183 1426 2230 aut
1455 2167 1643 2230 filiusfamilias
1669 2185 1804 2242 separatas

145 2247 288 2310 pervenies
306 2245 341 2300 ιιι
357 2259 445 2300 tamen
456 2243 563 2312 proprio
580 2257 613 2297 ex
631 2237 733 2295 doloin
751 2239 866 2299 solidtim
884 2255 959 2298 tene·
991 2237 1188 2309 negotiationes
1204 2247 1396 2312 exercuerint,
1414 2238 1499 2298 veluti
1524 2245 1655 2316 sagariam
1673 2247 1700 2300 br
1719 2243 1803 2299 linte-

146 2327 241 2383 sntur,
260 2316 279 2369 Ι.
299 2313 371 2369 illud
398 2331 479 2384 reoque
505 2325 531 2383 7.
549 2301 576 2381 6.
594 2309 642 2364 ult.
657 2310 684 2364 ·l.
700 2309 727 2363 ii.
745 2308 810 2380 l..9.
826 2327 864 2380 pr.
882 2309 916 2372 (n
932 2305 957 2384 6
988 2315 1090 2376 ariam,
1120 2308 1161 2365 vel
1178 2312 1259 2366 etiarn
1276 2313 1343 2370 duas
1360 2310 1477 2381 ejusdem
1501 2315 1693 2384 negotiationis
1711 2311 1804 2370 taber-

147 2382 197 2439 alt.
216 2389 244 2440 irs
254 2383 307 2452 fia·
327 2384 362 2452 ff.
381 2335 408 2439 b
426 2400 448 2439 r.
468 2398 524 2438 nors
551 2393 647 2434 contra
664 2389 794 2440 emtorem
820 2383 908 2447 servi,
927 2394 957 2438 ut
989 2393 1036 2432 nas
1053 2376 1163 2434 diversis
1180 2380 1210 2436 in
1229 2381 1339 2452 locis&
1357 2383 1500 2450 separatim
1518 2383 1662 2440 creditores
1679 2384 1708 2437 irr
1728 2381 1801 2440 hano

146 2463 213 2509 ante
230 2451 341 2510 dietim.
361 2453 404 2510 nd
423 2452 471 2521 id,
489 2461 518 2507 ut
536 2459 611 2517 pater
630 2449 674 2503 vel
688 2449 814 2504 dominus
832 2449 957 2522 aqualem
989 2444 1030 2502 rel
1047 2445 1164 2504 inillam
1181 2451 1346 2510 crediderint
1358 2451 1500 2526 tabernam
1517 2465 1563 2509 aut
1574 2454 1800 2524 negotiationem,

167 2525 443 2591 toratainterse,si
460 2521 567 2589 quidet
584 2516 762 2588 debeatur,ac
779 2535 956 2577 ceteroscrc-
988 2521 1072 2573 vbum
1090 2515 1153 2588 suit,
1168 2535 1214 2576 eos
1232 2539 1288 2578 noa
1304 2525 1452 2591 promiscue
1469 2521 1508 2578 sd
1525 2531 1664 2590 utramque
1680 2537 1799 2579 mercem

144 2538 248 2648 Sineres
266 2587 347 2647 faciat
364 2594 460 2651 mercis
469 2588 620 2658 peculiaris,
637 2603 682 2644 aut
703 2589 780 2655 pretii
799 2588 862 2645 inde
880 2592 955 2648 reda·
986 2597 1032 2642 aut
1051 2583 1210 2660 tabernam,
1228 2593 1275 2650 sed
1290 2595 1433 2661 separatim
1446 2631 1455 2661 ,
1470 2605 1593 2660 oportere
1619 2596 1647 2648 in
1666 2591 1800 2650 tributum

137 2657 191 2733 stt,
207 2659 441 2721 distributionem:
460 2677 548 2729 neque
564 2662 636 2714 enim
651 2655 695 2712 hic
711 2670 789 2726 parter
807 2655 849 2715 vel
866 2657 953 2714 domi-
986 2657 1097 2721 vocaris
1124 2660 1244 2730 eoquod
1272 2663 1449 2732 unisquisque
1475 2678 1567 2717 eorum
1591 2663 1674 2718 merri
1691 2663 1798 2734 magis,

94 2749 101 2768 ι
142 2747 195 2787 nus
211 2737 347 2789 extraneis
364 2733 459 2788 mercis
469 2728 619 2798 'peculiaris
641 2727 818 2786 creditoribus
837 2729 953 2798 potiores
985 2741 1064 2792 quam
1082 2728 1133 2795 ipsi
1151 2733 1314 2804 negotianti,
1331 2746 1455 2788 censemr
1471 2729 1611 2790 credidisse
1638 2731 1656 2787 Ι.
1674 2746 1800 2800 prosum.

141 2813 217 2871 sunt,
234 2801 279 2859 sed
297 2819 345 2867 par
362 2817 455 2856 eorum
472 2815 533 2855 cum
553 2797 608 2852 illis
625 2813 704 2852 causa
721 2809 761 2854 est
800 2799 817 2854 Ι.
840 2817 861 2854 ι.
878 2797 953 2868 pel.
985 2799 1047 2851 roris
1065 2795 1090 2852 5.
1126 2801 1277 2866 alpium
1300 2797 1496 2870 rotsinff.
1516 2774 1798 2872 aedessenum

158 2874 314 2926 recusaretis
332 2867 357 2925 5.
370 2863 396 2942 6.
415 2871 444 2924 ιἰι
461 2867 592 2940 tributum
609 2865 636 2922 6.
649 2864 686 2934 ff
692 2867 718 2924 b.
736 2883 756 2922 t.
768 2837 793 2941 6
812 2868 954 2925 introdusit
983 2867 1068 2920 etiam
1135 2878 1296 2926 mercatores
1317 2868 1469 2939 hodiernos,
1505 2869 1606 2928 iuribus
1624 2872 1653 2926 in
1672 2871 1737 2932 locis
1753 2886 1797 2928 ts·
1892 2875 1894 2886 '

136 2882 169 2994 ξ.
187 2940 274 2995 instit.
291 2937 437 3010 quodcum
454 2957 492 3007 co,
505 2941 550 3007 qai
567 2939 596 2991 irs
612 2936 694 2992 alien.
709 2951 800 3005 potest.
818 2939 874 2994 sire
891 2952 954 2994 ante
985 2933 1229 3019 bernas4separatas
1248 2937 1388 3009 habentes,
1399 2890 1508 2998 ertend't
1526 2937 1632 3010 debeat,
1641 2936 1798 3014 ambiguum

139 3009 200 3067 sire
216 3020 307 3076 postu
340 3007 500 3066 otiationem
521 3011 550 3062 in
568 3021 656 3062 merce
671 3006 953 3075 peculiariercercitam
983 3015 1040 3059 est.
1070 3006 1143 3061 bunt
1159 3009 1251 3077 enim,
1278 3009 1372 3078 quibus
1387 3009 1475 3081 placet
1502 3007 1582 3068 ltodie
1601 3029 1656 3067 non
1675 3010 1796 3082 singulos
1859 3013 1863 3020 '

136 3089 216 3146 pater
232 3093 281 3136 aut
329 3078 436 3131 ominm
461 3075 579 3150 liliorum
605 3086 652 3128 aut
679 3092 816 3134 servorum
843 3093 952 3135 suorum
981 3071 1104 3146 cujusque
1121 3073 1238 3134 taberne
1250 3081 1396 3138 creditores
1414 3080 1448 3136 ad
1466 3096 1540 3136 suam
1559 3079 1696 3138 tabernam
1714 3097 1795 3148 seps-

135 3146 286 3206 creditores
303 3163 362 3204 esse
379 3147 517 3214 coeperint,
530 3161 688 3216 quacunque
705 3161 737 3201 ex
754 3163 843 3217 causa,
860 3149 878 3202 Ι.
894 3163 951 3216 pre·
982 3146 1071 3216 ratim,
1088 3145 1132 3202 sed
1151 3148 1300 3212 promiscue
1318 3167 1412 3206 mones
1428 3147 1463 3206 ad
1480 3153 1600 3206 omnium
1618 3151 1793 3210 tabernarum

133 3222 268 3278 carnosis
285 3218 310 3276 5.
322 3211 351 3294 6
363 3213 413 3268 red
425 3233 464 3270 err
480 3218 618 3286 quesitam
636 3227 660 3284 7.
674 3211 710 3284 ff.
731 3215 755 3272 b.
773 3232 793 3271 t.
810 3218 862 3273 etsi
873 3224 950 3273 enim
981 3229 1101 3284 merces,
1129 3213 1202 3272 velut
1220 3217 1254 3274 sd
1272 3236 1357 3276 unum
1374 3216 1502 3275 debitoris
1530 3221 1723 3286 patrimonium
1762 3223 1794 3277 in

132 3287 267 3358 peculium
285 3285 449 3361 regulariter
467 3283 569 3352 possint
587 3284 718 3354 adimere,
736 3301 791 3340 non
811 3297 900 3342 tamen
920 3289 949 3342 in
981 3281 1114 3340 tributum
1132 3286 1269 3344 vocandos
1286 3307 1342 3346 esse
1362 3285 1504 3346 Groenesr
1538 3310 1571 3347 en
1589 3289 1667 3348 add.
1686 3291 1703 3344 Ι.
1723 3260 1793 3364 56.

132 3375 228 3434 precem
244 3357 362 3415 alioruin
380 3353 555 3428 creditorum,
574 3353 591 3407 Ι.
609 3359 772 3411 nostratim
798 3352 825 3412 8.
844 3359 874 3411 in
882 3354 950 3426 fine,
983 3350 1022 3408 15.
1049 3349 1090 3410 16.
1111 3347 1149 3423 ᾖ
1164 3354 1189 3410 b.
1207 3372 1227 3412 r.
1245 3357 1314 3414 Ant.
1333 3328 1480 3416 Mattheus
1554 3359 1671 3416 uuillen,
1698 3359 1741 3417 lib.
1767 3378 1792 3416 ι,

182 3425 218 3484 dl.
239 3429 257 3483 Ι.
276 3449 385 3485 summ
401 3421 491 3493 suff.
509 3423 541 3479 de
557 3425 662 3492 peculio.
681 3419 726 3481 Ne
763 3431 877 3482 setiam
896 3424 950 3484 hee
979 3436 1034 3490 cap
1053 3439 1096 3478 ao.
1124 3435 1228 3481 numer.
1248 3419 1293 3482 25.
1312 3425 1383 3484 Moti
1403 3442 1462 3485 tum
1476 3447 1530 3500 eo,
1557 3428 1647 3501 quod,
1665 3435 1710 3502 qni
1728 3447 1791 3488 cum

108 3497 132 3524 ³
180 3501 214 3568 io,
231 3499 351 3557 sicut-de
369 3496 495 3567 peculio,
512 3494 670 3562 occupantis
687 3509 730 3551 me
743 3501 825 3551 'mem
841 3511 950 3552 causam
978 3489 1171 3550 mercatoribus
1197 3491 1349 3569 hodiernis,
1367 3495 1458 3554 liberis
1475 3494 1630 3570 hominibus
1647 3511 1791 3560 contem.

131 3563 268 3638 r'ecit,sed
289 3569 416 3640 equalem
425 3565 616 3627 conditionem
632 3565 948 3634 omniumqusndocun-
978 3577 1061 3632 runt,
1079 3581 1135 3619 non
1153 3561 1250 3636 rebus,
1267 3566 1313 3638 sed
1331 3569 1450 3636 personis
1466 3585 1560 3626 eorum
1585 3569 1727 3627 credidisse
1746 3573 1790 3624 vi-

132 3650 185 3704 que
202 3639 342 3761 apentium
351 3679 368 3708 ,.
377 3637 396 3692 Ι.
415 3654 468 3698 nen
492 3636 566 3692 enim
583 3632 609 3690 6.
630 3631 668 3703 ff.
687 3632 712 3689 b.
730 3652 750 3689 t.
769 3636 836 3692 adeo
852 3647 902 3704 ut,
926 3639 948 3691 si
977 3631 1084 3701 dentur,
1101 3649 1158 3704 arg.
1168 3634 1188 3688 Ι.
1208 3637 1256 3692 uls.
1273 3631 1369 3704 stult,
1387 3635 1418 3710 ᾖ
1436 3635 1468 3693 d,
1486 3637 1602 3698 comme,
1621 3657 1684 3698 emt.
1702 3639 1790 3711 resq„
1841 3693 1844 3698 ¹

131 3721 202 3761 unus
230 3719 290 3766 orte
307 3723 354 3766 aut
371 3711 512 3778 pauciores
537 3721 571 3760 ex
589 3702 883 3772 pluribus·creslitores
899 3704 948 3760 de-
977 3697 1091 3761 DD.·&
1116 3721 1149 3758 as
1165 3703 1285 3762 alienum
1301 3704 1373 3778 quod
1390 3708 1498 3784 quisque
1524 3707 1683 3780 contrahit,
1700 3722 1789 3766 toturn

130 3773 261 3848 siderent,
277 3779 413 3862 itrtegram
430 3777 484 3835 sibi
501 3774 667 3847 portionem
678 3769 762 3828 tribui
796 3771 948 3830 sonaliter
977 3773 1168 3838 patrimonium
1185 3773 1316 3832 debitoris
1332 3779 1451 3850 minuit,
1470 3799 1524 3836 non
1542 3779 1610 3835 c'erti
1628 3779 1682 3837 loci
1700 3775 1788 3838 sacul-

129 3849 307 3904 mnsecuturi
324 3860 398 3918 arnt,
424 3863 505 3918 quam
521 3844 549 3903 sl
565 3843 722 3900 cautionem
738 3812 872 3914 mirans,
898 3861 947 3912 pro
976 3853 1017 3897 tas
1036 3843 1162 3913 respicit,
1190 3843 1207 3898 Ι.
1226 3843 1250 3901 sl
1290 3845 1503 3906 deirommirrum
1521 3844 1564 3906 50.
1582 3847 1618 3920 6.
1636 3851 1787 3908 stallatum

128 3925 189 3971 rata
205 3930 234 3973 se
251 3915 401 3985 tefitsuroa,
419 3923 441 3972 si
458 3914 530 3974 forre
546 3912 595 3971 alil
615 3918 773 3970 emerserint
789 3913 946 3984 creditores,
979 3926 1001 3966 r.
1019 3905 1052 3980 ff·
1070 3909 1102 3966 dc
1129 3911 1236 3970 'udiciin
1274 3933 1319 3974 um
1336 3923 1419 3976 etiam
1437 3919 1500 3989 quia
1517 3919 1659 3988 dispositio
1676 3919 1702 3975 d.
1721 3921 1740 3976 Ι.
1758 3919 1785 3978 5.

131 3983 152 4038 Ι.
166 3991 340 4052 ρναιιιιαιονὶι
357 3987 383 4044 5.
397 3983 424 4061 6.
443 3988 493 4043 ala.
505 3981 578 4055 [ὦ.
596 3978 697 4054 t.Quae
713 3995 806 4040 tamen
825 4001 880 4038 non
898 3999 944 4040 ex-
975 3979 1012 4048 6'.
1034 3979 1097 4038 ror
1121 4021 1128 4036 .
1188 3981 1268 4041 uliari
1285 3989 1383 4045 nititur
1401 3993 1516 4058 ratione,
1524 3990 1596 4056 quod
1613 4007 1706 4058 nempe
1714 3997 1786 4050 servi

126 4051 240 4112 cimona
258 4054 317 4126 jors
335 4057 513 4128 prelationis,
536 4051 700 4124 quibusdam
716 4052 895 4111 creditoribus
911 4071 944 4110 ex
974 4049 1090 4108 civiliter
1117 4069 1134 4107 o
1155 4051 1233 4124 ligari
1253 4069 1310 4112 non
1326 4060 1483 4128 potuerint,
1502 4057 1613 4131 indeque
1639 4062 1785 4120 creditores

129 4122 273 4198 privilegio
291 4127 436 4198 personali,
454 4126 496 4183 vel
511 4130 597 4184 etiam
616 4140 652 4180 ex
670 4138 722 4195 eo,
740 4123 812 4192 quod
829 4139 945 4180 mercem
974 4125 1056 4178 merci
1073 4127 1176 4194 magis,
1212 4141 1273 4204 uam
1288 4143 1365 4182 servo
1383 4127 1554 4212 negotianti,
1570 4128 1712 4190 credidisse
1731 4133 1784 4188 visi

125 4193 290 4262 peculiarem
312 4203 418 4322 pipnori
435 4197 606 4268 acceperint,
624 4199 734 4264 quesita
744 4211 758 4276 ,j
773 4211 827 4262 quo
844 4191 894 4264 fit,
912 4205 943 4250 ut
973 4192 1047 4275 siunts
1066 4207 1097 4247 ac
1116 4144 1228 4261 protnbe
1245 4193 1356 4262 rushoo
1373 4203 1444 4267 porri
1463 4201 1473 4252 i
1492 4215 1548 4254 non
1566 4196 1658 4256 debuit
1676 4201 1712 4260 ad
1731 4201 1785 4272 hn-

125 4265 189 4332 ipso
204 4277 279 4335 patre
302 4287 334 4324 ve
363 4269 476 4326 domino
502 4271 531 4325 in
549 4275 638 4324 merce
668 4262 797 4332 peculiari
844 4268 943 4318 otiores
972 4263 1081 4320 dternos
1098 4273 1281 4336 mercatores,
1299 4261 1422 4323 homines
1439 4215 1556 4337 llberos,
1583 4284 1619 4325 ex
1636 4271 1690 4326 suis
1716 4288 1785 4328 con.

124 4333 204 4408 sint,
219 4336 237 4390 Ι.
254 4341 428 4412 procuratoris
446 4337 472 4394 5.
489 4331 515 4411 6.
534 4333 602 4408 quid
616 4353 711 4394 tamen
727 4329 752 4387 8,
772 4329 805 4392 (¹5
820 4281 846 4404 6.
863 4333 942 4410 plane
973 4321 1109 4411 tratiibus,
1119 4331 1236 4388 civiliter
1252 4329 1404 4394 devindlos.
1423 4333 1495 4410 Tum
1511 4335 1637 4410 denique,
1655 4341 1716 4406 quis
1736 4359 1785 4408 pu.

1 4451 2 4468 .
124 4417 170 4476 17.
188 4397 225 4476 ᾗ
236 4405 262 4463 i.
280 4423 302 4463 t.
318 4425 367 4464 nec
386 4407 546 4479 impediunt,
561 4423 616 4480 quo
631 4408 722 4462 minus
737 4399 792 4470 illi,
809 4403 854 4470 qui
872 4419 943 4459 mes·-
973 4399 1139 4474 pillo,‘cupus
1156 4399 1347 4471 patrimonium
1373 4405 1529 4474 pervarias
1575 4410 1708 4465 rovinciar
1728 4411 1784 4470 riis-

28 4517 33 4532 .
125 4490 171 4532 ces
187 4493 249 4534 suas
267 4477 490 4535 rendidemntsc
509 4478 682 4536 tradidensnt
700 4466 877 4544 filiofamilias
893 4487 942 4550 atpt
973 4487 1095 4540 persum,
1111 4489 1144 4526 ac
1161 4469 1404 4546 administrationis
1421 4479 1557 4546 intuitup
1586 4494 1628 4534 res
1646 4479 1720 4534 inter
1738 4495 1783 4536 ru-

14 4602 19 4614 ,
75 4563 92 4588 ⁶·
126 4555 367 4622 servonegotianti
384 4555 511 4605 inmerce
528 4539 727 4616 pertinebas
743 4541 940 4612 depretionon
970 4555 1042 4598 tores
1058 4537 1174 4598 dissum
1191 4554 1241 4614 est,
1250 4549 1417 4613 compensari
1426 4547 1614 4620 potest,¹quod
1633 4555 1709 4604 tutor
1725 4546 1783 4606 e'ne

124 4611 235 4690 habita,
252 4619 417 4686 adeoque-in
435 4617 565 4674 creditum
575 4631 631 4670 non
650 4619 769 4682 iverunt,
786 4613 894 4672 easdem
911 4623 940 4670 ut
970 4615 1011 4668 rei
1027 4609 1155 4668 Asiatice
1169 4610 1250 4670 debet
1267 4609 1344 4671 Titio
1362 4631 1424 4671 cum
1440 4635 1483 4684 eo,
1499 4615 1571 4688 qtsod
1590 4617 1709 4672 vicissim
1727 4567 1779 4675 66-

75 4722 82 4734 ,
122 4700 185 4744 atas
203 4689 353 4760 vindicent,
372 4688 514 4748 tributioni
532 4695 669 4754 memus,
685 4681 711 4740 d.
729 4683 746 4741 Ι.
766 4681 792 4742 5.
811 4675 838 4758 6.
857 4682 906 4740 sed
917 4687 942 4742 si
971 4683 1035 4752 tius,
1052 4685 1090 4738 rei
1108 4678 1215 4738 Siriaca
1232 4687 1316 4740 tutori
1333 4655 1489 4757 debetsquo
1508 4689 1567 4752 ipso
1583 4687 1717 4760 arguitur,
1735 4706 1784 4754 per

123 4751 186 4815 decr
205 4756 245 4818 ιθ.
260 4755 297 4830 ffi
312 4755 338 4817 b.
356 4771 380 4817 t.
970 4763 1122 4824 separatam
1138 4768 1227 4812 sturm
1236 4753 1499 4815 administrationem
1508 4771 1566 4814 non
1574 4756 1707 4838 adstringi
1725 4776 1785 4817 cer-
