4026 5360
192 254 195 276 .
268 196 356 270 ‘208
946 201 1019 264 iii.
1036 199 1089 264 Vl.
1108 199 1170 267 iit.
1188 200 1216 262 i.

230 309 338 366 propter
355 298 384 350 in
401 308 459 353 rem
476 287 621 366 aaronem,
637 309 695 368 arg.
714 295 731 351 l.
751 289 809 352 uit.'
819 291 847 348 0.
865 287 910 350 ubi
937 295 966 350 in
983 311 1039 348 nm
1101 305 1129 368 9.
1147 288 1359 353 ttesiruttonen
1370 303 1466 362 petere
1483 305 1598 360 possum
1612 296 1657 364 qui
1675 293 1732 353 tasi
1748 311 1821 373 ntttt,
1838 293 1882 372 iu

229 369 310 437 allio,
329 366 345 423 l.
365 368 394 422 in
411 384 496 422 tauro
519 359 560 422 15.
570 357 596 436 §
607 363 655 422 uir.
668 358 707 434 ffl
724 361 758 420 da
775 359 918 422 minoribus
934 361 1039 420 25.an·
1067 373 1188 433 eramque
1206 363 1387 424 restitutionis
1402 377 1511 422 causam
1539 361 1654 424 habeor:
1681 384 1731 424 nec
1748 373 1882 444 interest,

228 439 282 508 nir,
301 437 368 495 adeo
385 447 416 494 ut
431 453 465 492 eo
481 452 544 493 casu
560 435 706 493 secundum
724 433 863 506 vulgatam
880 434 965 508 magis
976 429 1038 491 DD.
1068 450 1104 490 an
1122 440 1168 502 p‘er
1184 451 1213 494 se
1230 431 1286 491 tale
1303 430 1445 504 implorent
1463 431 1617 509 urinum,
1634 454 1670 494 an
1686 455 1737 510 per
1754 457 1882 508 procuca-

229 509 388 580 opinionem
403 505 509 582 (quam
524 515 617 564 tamen
637 507 665 562 in
675 503 739 564 solis
748 503 902 579 mobilibus,
921 504 1040 562 nonim-
1069 517 1176 572 rorem5
1192 505 1338 564 dunnuodo
1355 504 1379 561 is
1395 501 1547 562 nrfficiente
1558 508 1706 577 mandato,
1722 526 1807 582 eoque
1823 529 1883 581 spe·
1942 541 1950 559 ·

229 576 377 636 mobilibus
388 578 505 653 ,admitti
522 595 606 648 posse,
623 575 900 634 terminaveritis
911 573 1042 650 judiciis)
1068 575 1142 646 ciali,
1160 572 1306 634 ianrndus
1320 569 1414 645 tueri,
1430 580 1473 635 rit.
1487 574 1514 630 C
1530 580 1675 658 otiampn
1689 593 1882 648 nocararmm

229 645 327 708 cletiio
345 645 442 705 aiioris
460 651 505 718 sit,
523 666 561 704 an
580 649 610 702 in
627 645 689 704 loon
705 646 838 705 domicilii
855 650 897 704 sui
914 646 1041 704 adversa-
1070 661 1184 705 causam
1200 649 1230 704 in
1247 649 1337 720 inrogo.
1355 648 1440 703 nosris.
1493 649 1599 718 ipone,
1616 647 1699 718 puna.
1718 650 1737 706 l.
1755 651 1794 706 Pa
1815 652 1882 709 'nia-

230 723 276 793 rii‚
294 735 329 776 an
348 721 378 774 in
396 719 458 776 loco
474 723 514 776 rei
531 720 599 792 sita,
621 717 846 788 disceptationem
871 720 906 777 de
931 716 1041 776 restitu-
1069 738 1120 776 nur
1139 731 1181 773 ιο.
1199 714 1270 774 illud
1282 715 1387 776 nullam
1404 665 1492 793 25.ιέζ
1514 733 1538 782 ι.
1549 714 1589 789 ff.
1607 717 1640 774 do
1658 724 1784 779 minora
1804 764 1812 779 .
1830 741 1882 780 an·

230 794 255 848 ti
274 793 318 857 pis
335 784 440 860 justitia
456 806 580 863 peragere
598 786 697 857 malits
713 789 756 846 uti
772 788 802 849 id
818 790 852 848 de
866 786 966 847 Gallias
982 803 1041 845 rno-
1070 791 1130 848 nis.
1154 785 1207 846 vel
1223 787 1309 846 ctiam
1325 786 1464 861 generali,
1480 803 1543 847 cum
1561 786 1649 846 libera
1666 789 1884 854 administratio·

232 809 312 920 riius
331 874 391 931 post
410 857 520 918 Oddum
538 859 564 915 ri.
583 875 635 917 ort.
655 853 696 914 ι5.
714 877 789 918 num.
811 857 870 917 116.
882 858 968 934 tradit
982 855 1039 918 Re·
1071 877 1119 919 ne.
1138 855 1209 916 vtae
1226 861 1270 914 rit.
1288 853 1322 914 de
1333 869 1495 942 procuratos.
1514 855 1554 916 Ut
1571 873 1663 919 aurem
1675 861 1730 922 dici
1748 865 1806 933 quis
1823 882 1884 934 poo-

227 927 320 991 imos
338 929 379 987 ad
391 935 492 989 constit.
511 951 562 1005 reg.
581 943 645 986 tom.
663 943 689 985 a.
707 927 1042 990 tranandesesrnorioni·
1071 933 1107 992 sit
1123 927 1255 987 mandato
1271 927 1382 998 speciali
1398 932 1530 1002 munitus,
1545 928 1655 1002 scilicit,
1673 936 1886 994 eiresnnrtionts

163 1038 169 1048 ·
232 1003 292 1075 bus,
310 1008 340 1061 in
354 999 457 1080 prefer.
475 1021 502 1058 n.
514 1015 557 1074 19.
567 999 601 1064 dr
611 1015 652 1058 ao.
671 1001 699 1058 dr
710 1016 763 1058 arr.
777 1015 801 1057 r.
815 1001 890 1076 gloss.
905 1017 929 1058 1.
939 1019 1042 1058 nomer.
1071 1001 1230 1076 petitionem
1246 999 1403 1058 mandatam
1418 1019 1483 1072 esse,
1499 1000 1607 1059 etiarm
1624 999 1695 1062 sorte
1709 1005 1833 1064 sandari
1843 1006 1886 1064 in·

233 1073 280 1144 do.
298 1070 393 1132 lohan.
414 1070 506 1142 Papon
529 1069 572 1128 lib.
593 1085 617 1143 7.
635 1076 678 1127 tir.
697 1083 723 1142 7.
742 1086 794 1128 art.
822 1069 867 1140 ai.
886 1069 932 1129 ubi
954 1068 988 1134 Θ
1014 1073 1043 1126 in
1071 1081 1222 1134 strumento
1239 1071 1405 1129 nominatim
1423 1074 1525 1130 irnerta
1542 1088 1598 1130 non
1617 1071 1774 1134 inveniatur
1791 1091 1886 1148 causa,

235 1148 313 1216 noris,
330 1144 364 1200 de
375 1141 467 1215 Balgii
478 1137 622 1213 Hispanici
644 1143 702 1198 rari
711 1139 889 1220 Christianus
901 1139 1042 1200 oolam
1072 1148 1103 1202 in
1120 1159 1183 1214 qua,
1200 1138 1244 1198 vei
1260 1157 1294 1198 err
1311 1157 1364 1212 qua
1380 1143 1520 1201 restitutio
1570 1144 1653 1202 tenda
1672 1141 1759 1204 foret.
1786 1144 1883 1205 oddus

236 1219 284 1273 cis.
306 1209 364 1282 154.
383 1233 457 1270 num.
477 1227 502 1285 7.
520 1217 549 1272 dr
566 1213 597 1269 in
613 1160 702 1270 irata
719 1211 880 1280 iudicatum
893 1231 950 1272 esse
966 1217 995 1270 ln
1012 1229 1043 1269 a·
1073 1214 1106 1272 dc
1121 1211 1366 1281 restitutianus.
1388 1231 1412 1270 1.
1430 1229 1518 1286 quasa.
1536 1159 1582 1276 ii.
1600 1231 1708 1274 arara.
1726 1215 1839 1288 Mynsin
1857 1237 1889 1276 e-
1923 1263 1929 1268 .

236 1283 329 1344 &ione
347 1287 375 1341 in
393 1300 449 1342 rem
467 1281 552 1342 refert
571 1279 661 1341 Sande
678 1281 756 1340 decis.
776 1281 870 1341 Friric.
890 1283 934 1340 lib.
957 1299 981 1340 r.
1000 1285 1043 1340 rir.
1073 1305 1118 1344 rua
1134 1301 1233 1344 cemus.
1251 1297 1278 1340 a.
1295 1279 1423 1341 observat.
1442 1281 1487 1342 26.
1504 1279 1588 1357 Quod
1604 1286 1628 1342 si
1645 1287 1681 1345 de
1699 1234 1858 1346 mandaroi

238 1356 285 1415 15.
294 1353 326 1410 de
344 1373 370 1412 n.
386 1371 408 1411 ι.
426 1354 505 1413 Adde
522 1363 659 1425 parentem
676 1368 746 1425 pm
757 1351 872 1412 Paulum
879 1352 1044 1412 Voetrraii.
1074 1357 1193 1430 bitetnr,
1220 1364 1417 1422 procuratorem
1433 1368 1524 1414 taram
1541 1357 1660 1426 prestita
1684 1357 1719 1416 de
1737 1369 1800 1416 rato
1823 1375 1889 1414 cau-

238 1427 271 1483 de
290 1427 398 1483 statoris
415 1427 476 1483 seii.
494 1437 521 1497 9.
538 1439 595 1495 cap.
614 1439 641 1480 a..
658 1443 733 1483 nam.
752 1441 794 1482 ao.
813 1427 936 1496 quamvis
961 1427 990 1484 dr
1014 1427 1044 1480 in
1074 1429 1151 1484 tione
1175 1424 1210 1484 ad
1237 1422 1425 1494 postulandam
1450 1425 1653 1486 restitutionem
1687 1428 1889 1488 admittendum

238 1495 390 1555 abitonibus
408 1496 438 1550 in
456 1511 598 1565 personam
615 1496 669 1550 ista
685 1493 780 1554 eleiiio
798 1493 897 1554 Gallia
922 1510 1046 1569 pragma·
1074 1515 1130 1556 esse
1167 1491 1264 1554 Paulus
1281 1495 1435 1568 respondit,
1462 1495 1481 1553 l.
1498 1494 1605 1569 quodsi
1623 1495 1656 1554 do
1672 1497 1717 1555 26.
1727 1496 1768 1571 ff.
1786 1499 1819 1556 rie
1835 1501 1889 1556 mi-

238 1570 303 1625 ricis
321 1566 453 1638 placuerit·
479 1584 558 1636 supra
574 1563 705 1638 elimatis.
724 1562 764 1624 itit
781 1567 925 1638 quianunc
939 1563 1046 1624 serein·
1076 1536 1156 1628 nonii.
1173 1564 1218 1623 25.
1237 1567 1333 1622 annis.
1353 1559 1457 1638 Plane,
1475 1571 1498 1624 si
1516 1567 1675 1627 mandatum
1691 1570 1804 1630 delicere
1821 1586 1889 1628 con-

239 1638 339 1709 valuit,
355 1647 386 1694 ut
403 1638 487 1694 etiam
504 1637 631 1696 adsersus
649 1642 757 1708 negotia
775 1643 833 1695 iso
850 1635 907 1710 jure
917 1634 992 1696 nula
1001 1635 1046 1696 ie·
1077 1650 1149 1708 stet,
1175 1632 1265 1695 nullus
1282 1653 1331 1706 pro
1356 1634 1413 1694 alio
1430 1639 1537 1696 restitui
1554 1638 1707 1711 desiderat,
1733 1640 1793 1700 solo
1815 1653 1891 1711 patre

240 1710 264 1766 si
282 1727 327 1780 pet·
344 1709 524 1764 restitutionis
540 1705 759 1789 implorationem
766 1657 819 1764 siin
827 1707 981 1772 mutuant,
996 1707 1047 1765 du·
1077 1722 1208 1780 excepto,
1231 1709 1250 1765 l.
1265 1710 1340 1778 patri
1355 1721 1400 1780 27.
1411 1701 1450 1780 ff
1466 1707 1492 1765 d.
1510 1710 1552 1766 rit.
1569 1709 1603 1764 de
1620 1715 1715 1768 minor.
1731 1726 1829 1770 contra
1846 1731 1889 1770 re·

238 1780 317 1837 bium
335 1777 382 1834 vix
398 1795 456 1837 esse
508 1790 569 1850 test,
591 1777 658 1846 quin
683 1776 719 1836 de
744 1778 896 1838 istiusmodi
922 1776 1049 1837 nullitate
1096 1779 1185 1850 mam,
1202 1794 1256 1850 qua
1273 1793 1322 1846 pro
1337 1776 1490 1851 confundis
1507 1779 1626 1848 personis
1642 1797 1724 1854 agore.
1736 1788 1795 1842 sine
1812 1799 1890 1839 nran-

241 1851 403 1923 quartioncs
421 1849 450 1906 in
478 1865 529 1904 oco
545 1841 699 1906 contratiae
717 1849 760 1908 vel
777 1848 911 1906 domicilii
927 1849 967 1906 rei
985 1865 1049 1906 erra·
1114 1864 1144 1908 to
1159 1864 1314 1910 centenum
1329 1860 1387 1906 est:
1413 1851 1511 1924 quippe
1527 1869 1583 1920 que
1610 1852 1640 1908 in
1658 1854 1803 1911 ordinariis
1828 1855 1890 1923 qui*

197 1929 212 1975 ¹·
238 1918 377 1980 minanda
394 1920 460 1988 sint,
477 1919 587 1988 perinde
603 1935 635 1974 ac
653 1917 677 1974 si
694 1919 822 1980 adversm
829 1915 984 1978 contradus
992 1920 1050 1988 ipso
1077 1921 1144 1980 dem
1155 1921 1294 1990 remediis,
1312 1932 1415 1978 arnon
1432 1922 1467 1978 in
1480 1922 1698 1981 extraordinario
1714 1924 1892 1985 restitutionis

1855 1308 1889 1350 ll·

240 1989 300 2064 irre
317 1989 421 2046 validos
437 1988 615 2046 restitutionis
633 1987 766 2048 auxilium
792 1990 992 2062 impetrandam
1007 2007 1050 2046 es·
1078 1987 1212 2062 adiutorio
1229 1988 1319 2047 locum
1336 1985 1436 2049 habet.
1455 1989 1618 2064 Quousque
1636 2010 1700 2052 vero
1717 1991 1773 2056 luae
1791 1995 1908 2052 nostris
1998 2015 2001 2030 ·

241 2077 292 2135 set,
308 2060 454 2120 secundum
471 2071 536 2120 ante
552 2057 633 2134 ditis,
664 2059 763 2119 l'arens
789 2081 813 2132 p.
840 2077 922 2120 mem.
951 2057 1049 2118 Paulus
1078 2069 1227 2124 etiannum
1243 2057 1364 2120 moribus
1386 2061 1528 2124 obtineant
1573 2061 1666 2139 colligi
1682 2077 1770 2137 potest
1795 2084 1831 2123 ex
1848 2065 1892 2123 di-

241 2131 316 2191 voer
333 2130 365 2186 de
382 2136 493 2190 statutis
510 2131 573 2188 scii.
591 2142 618 2201 9.
636 2148 695 2204 cap.
714 2148 739 2190 a.
757 2151 832 2192 rrum.
849 2147 892 2190 ao.
912 2147 978 2194 vert·
996 2147 1051 2204 quae
1078 2131 1130 2192 etis
1147 2129 1232 2190 riade
1246 2145 1404 2203 procuratos.
1423 2135 1505 2192 modo
1521 2104 1680 2192 observetur
1687 2128 1701 2207 ,¹
1714 2137 1808 2208 toties,
1824 2154 1892 2209 quo-

242 2208 328 2264 stiam
346 2203 456 2259 rarione.
1080 2205 1131 2264 ties
1148 2221 1205 2262 non
1222 2200 1425 2278 principaliter,
1441 2205 1488 2264 sed
1504 2205 1656 2278 incidenter
1674 2217 1782 2264 tantum
1797 2207 1831 2266 de
1848 2225 1892 2264 re-

278 2273 306 2333 8.
325 2271 397 2334 Cum
414 2287 479 2332 sero
497 2269 553 2344 jure
562 2269 689 2336 Romam
706 2269 783 2348 judex
800 2275 978 2349 adserentes,
994 2289 1053 2345 qua
1079 2275 1222 2336 stitutione
1238 2273 1354 2346 petenda
1370 2277 1481 2347 questio
1497 2289 1538 2336 est
1553 2318 1561 2348 ‚
1579 2275 1701 2336 sullicere
1717 2296 1792 2348 poue
1810 2293 1892 2352 gene·

242 2351 355 2408 decreto
371 2357 419 2404 aut
436 2345 573 2403 sententia
590 2349 743 2420 constituit,
760 2349 961 2407 restitutionem
977 2343 1051 2404 face-
1080 2347 1137 2406 rale
1153 2345 1189 2405 ad
1206 2347 1216 2400 i
1234 2361 1292 2404 sam
1308 2361 1415 2404 causam
1432 2347 1611 2418 principalem
1628 2343 1798 2406 satiandam
1814 2364 1896 2405 man-

244 2439 276 2478 re
294 2419 388 2489 possit,
412 2426 444 2471 nt
470 2432 549 2486 supra
565 2420 702 2475 monitum
726 2435 761 2478 ex
778 2418 797 2474 l.
815 2421 844 2477 in
860 2438 947 2477 causa
968 2402 1061 2489 16.§··
1079 2420 1191 2480 datum
1210 2359 1420 2490 groenevegen
1438 2417 1520 2491 aoid.
1539 2419 1557 2474 l.
1576 2415 1619 2474 25.
1637 2417 1674 2488 ti.
1696 2436 1720 2476 r.
1736 2419 1773 2490 ff.
1791 2417 1823 2474 do
1840 2421 1894 2476 mi-

245 2489 296 2548 nis.
315 2489 333 2543 l.
354 2501 395 2560 17.
413 2485 448 2548 di
463 2485 483 2543 l.
499 2501 590 2556 preses
608 2485 652 2556 4²·
664 2483 702 2560 ff.
710 2487 742 2545 de
759 2490 914 2555 minos-ibam
932 2489 983 2544 vix
999 2487 1051 2566 du·
1080 2513 1136 2552 nor·
1154 2486 1198 2547 25.
1209 2507 1272 2546 ann.
1292 2485 1335 2546 De
1351 2487 1482 2559 syndicis,
1500 2486 1635 2546 bonorum
1651 2488 1831 2562 curatoribus,
1848 2501 1894 2550 tu·

244 2558 391 2617 bisantium
409 2555 527 2630 vitietur,
542 2562 607 2628 quin
626 2559 799 2619 restitutione
816 2562 940 2620 adversus
958 2555 1052 2624 butus·
1080 2559 1204 2632 toribus,
1229 2557 1401 2622 ecclesiarum
1425 2561 1601 2630 oeoonomiis,
1628 2573 1666 2615 an
1693 2562 1893 2620 restitutionem

245 2631 322 2690 modi
338 2629 474 2686 decretum
491 2641 540 2686 aut
566 2631 731 2688 sententiam
759 2635 853 2701 petita,
869 2630 992 2704 cognitio
1010 2624 1053 2682 illi
1080 2631 1152 2692 reiis
1169 2642 1284 2702 petant,
1299 2631 1327 2691 or
1345 2647 1381 2688 an
1398 2627 1510 2701 speciali
1528 2629 1819 2704 indigeantmandato,
1837 2631 1895 2704 ple·

246 2708 297 2774 ipsi
313 2697 502 2777 demandanda
520 2701 556 2755 sit
573 2694 665 2786 funes,
681 2703 727 2774 qui
746 2701 855 2759 decreto
872 2715 929 2782 aut⁸
942 2709 1053 2758 semen·
1081 2703 1144 2764 nius
1160 2697 1305 2759 traiiatum
1331 2701 1392 2761 v‘rrie
1409 2700 1481 2770 apud
1497 2695 1607 2760 Oddum
1629 2697 1663 2756 de
1679 2701 1763 2760 restis.
1778 2716 1848 2772 porr.
1871 2722 1893 2760 ι.

246 2775 287 2831 ria
305 2771 442 2830 lesionem
459 2767 560 2827 dicitur
577 2770 720 2838 intulisses
737 2775 793 2830 sive
810 2769 858 2830 ille
876 2775 909 2829 sit
921 2769 1052 2840 indesin-
1081 2787 1169 2845 qcaesr.
1186 2766 1233 2828 δι’.
1251 2785 1305 2829 arr.
1322 2769 1349 2832 fs
1368 2785 1394 2843 7.
1411 2767 1437 2830 8.
1461 2807 1465 2816 ,

246 2841 333 2902 serior
359 2857 448 2911 aquo
470 2837 644 2914 appellatum,
670 2842 729 2899 sive
753 2842 885 2913 superior,
910 2841 948 2900 ad
972 2855 1054 2909 quem
1119 2857 1159 2900 ιο.
1178 2839 1268 2900 Datur
1284 2858 1349 2900 vero
1366 2844 1503 2902 restitutio
1529 2841 1696 2915 frequentius
1723 2834 1829 2918 isidem
1846 2849 1895 2906 ad-

246 2883 394 2986 appellatio
411 2910 537 2968 instituta
554 2905 617 2969 litii.
636 2909 731 2971 Oddus
756 2911 799 2977 de}
816 2915 903 2971 restit.
926 2925 996 2982 port.
1029 2927 1052 2966 ι.
1082 2931 1174 2974 versu
1189 2930 1254 2986 eos,
1280 2911 1411 2982 aquibus
1427 2914 1539 3042 qui-signe
1556 2916 1630 2976 lasus
1651 2929 1708 2976 est:
1735 2916 1895 2988 quandoque

247 2999 336 3057 quast.
355 2979 401 3040 ι6.
419 2997 471 3037 art.
490 2975 517 3036 5.
534 2976 607 3051 Quia
624 2991 717 3040 tamen
739 2984 900 3054 &superior
919 2981 1053 3040 rescinde·
1080 3000 1172 3044 tamen
1190 2985 1220 3044 dt
1235 2995 1331 3041 contra
1347 3003 1412 3054 eos,
1428 3043 1429 3048 ,
1448 2986 1476 3044 ui
1504 2986 1630 3050 arionem
1647 3003 1703 3048 non
1722 2984 1896 3061 intulerant,

246 3076 277 3114 re
300 3065 388 3124 potest
414 3051 578 3109 sententiam
613 3050 761 3128 insertoris,
786 3053 859 3112 nihil
883 3063 972 3123 vetat,
999 3067 1055 3124 quo
1081 3057 1147 3116 dum
1164 3051 1234 3114 forte
1251 3055 1291 3116 rei
1308 3073 1354 3125 per
1371 3053 1508 3120 lesionem
1525 3064 1625 3120 amissa
1642 3073 1801 3128 possessores
1817 3069 1897 3132 sunt,

248 3131 340 3182 minus
360 3120 442 3193 iudici
459 3123 495 3180 ad
512 3136 601 3194 quem,
622 3117 644 3197 s(
652 3135 684 3180 ut
702 3121 871 3196 loquuntur)
898 3123 1054 3182 committa·
1081 3125 1153 3198 quod
1171 3130 1199 3181 in
1218 3125 1390 3184 restitutione
1407 3143 1441 3186 ex
1458 3129 1547 3201 capite
1572 3143 1660 3192 mettas
1683 3137 1899 3198 receptumesi;

247 3209 293 3254 tur
308 3202 425 3252 eramen
442 3188 566 3265 lmionis
582 3209 639 3266 qua
656 3211 701 3266 per
718 3199 881 3254 sententiam
899 3191 993 3262 indicis
1010 3196 1054 3248 in·
1082 3194 1241 3268 quandoque
1256 3195 1340 3255 etiarn
1357 3212 1391 3253 er
1408 3197 1631 3272 minorennitate,
1648 3198 1667 3254 l.
1684 3199 1751 3252 irem
1767 3200 1793 3254 si
1811 3197 1852 3268 ri.
1870 3193 1897 3274 i.

247 3265 356 3327 serioris
374 3261 454 3318 illata
470 3267 663 3322 contenditur.
684 3261 779 3324 Oddtts
788 3264 821 3321 de
838 3257 1054 3324 restitutionibd.
1083 3269 1111 3324 in
1129 3265 1180 3324 bac
1197 3267 1301 3326 anione
1317 3261 1344 3324 5.
1359 3263 1395 3338 ffi
1428 3268 1484 3326 uod
1497 3285 1583 3330 merus
1601 3286 1686 3326 causa
1729 3267 1747 3322 i.
1766 3271 1794 3324 in
1811 3287 1899 3326 causa

244 3353 317 3412 past.
340 3352 364 3392 ι.
383 3348 471 3407 quasa.
490 3328 533 3389 32.
552 3335 629 3390 orric.
651 3330 692 3391 16.
708 3333 780 3408 lmo,
795 3335 818 3394 si
835 3331 1054 3395 sententiadica-
1088 3331 1128 3394 ι5.
1146 3334 1184 3406 15.
1206 3353 1229 3392 ι.
1247 3336 1266 3393 Ι.
1289 3333 1329 3407 ιζ.
1348 3339 1365 3394 l.
1388 3287 1428 3394 riq.
1448 3333 1488 3409 ffl
1512 3339 1542 3394 de
1561 3339 1653 3396 minor.
1672 3307 1716 3393 ai.
1735 3339 1822 3394 annis.
1849 3338 1898 3399 An

248 3422 297 3467 tur
314 3403 473 3472 nullaene,
490 3406 518 3462 dr
536 3405 663 3462 adversss
689 3419 750 3464 eam
776 3409 912 3466 restitutio
938 3415 1054 3476 petatur,
1083 3403 1232 3468 haedibus
1247 3406 1388 3480 lasortrrsr,
1413 3411 1442 3470 dr
1465 3410 1495 3466 in
1513 3407 1627 3468 heredes
1645 3405 1801 3466 ludentium
1819 3415 1899 3466 resri-

233 3495 306 3538 ·non
324 3493 400 3550 posse
416 3473 542 3547 eundem,
558 3475 604 3544 qui
612 3479 775 3534 sententiam
783 3475 857 3550 tulit,
874 3473 1055 3535 siveordina-
1084 3479 1158 3536 tutio
1174 3475 1319 3538 tribuenda
1335 3481 1391 3564 sir,
1419 3481 1447 3536 in
1464 3479 1630 3552 singularum
1648 3493 1788 3552 causarum
1804 3484 1899 3538 consi-

247 3553 306 3608 rius
323 3549 380 3605 sive
396 3543 535 3616 delegatus
552 3545 600 3618 sir,
616 3551 714 3605 iterum
731 3549 1056 3620 causamexintegroco-
1083 3549 1225 3610 deratione
1244 3543 1343 3608 rebilus
1362 3548 1470 3614 videtur
1486 3550 1646 3612 tradendum
1664 3566 1733 3610 esse.

269 3635 387 3690 noscere,
402 3615 449 3676 sed
465 3627 575 3674 tantum
591 3633 622 3675 su
656 3619 765 3691 riorcm,
783 3615 1056 3692 adquemappellan·
1123 3635 1163 3678 ιι.
1182 3615 1249 3678 Νοιι
1268 3632 1359 3678 tamen
1375 3623 1461 3682 cuivis
1478 3622 1679 3683 restitutionem
1696 3623 1813 3692 petenti,
1837 3637 1902 3682 cau-

246 3641 315 3751 inm
334 3685 436 3758 suisset,
453 3685 593 3745 nonnullis
610 3635 696 3758 υἷα(

247 3767 354 3821 tionem
372 3757 454 3816 bodie
471 3758 556 3816 etiam
573 3757 607 3815 de
624 3762 683 3829 ipsa
697 3760 975 3822 scotomianullitate
992 3775 1057 3832 que·
1086 3777 1167 3820 musa
1185 3761 1294 3821 demum
1311 3765 1433 3841 cognita,
1449 3783 1486 3824 an
1498 3781 1695 3907 gremffpebvera,
1711 3779 1747 3820 an
1765 3777 1845 3836 iusta,
1863 3778 1901 3823 an

247 3837 352 3898 rimata
371 3844 451 3888 nemo
468 3842 560 3888 autem
577 3845 595 3884 a
611 3845 658 3888 sua
681 3828 818 3890 sententia
843 3850 858 3889 a
894 3829 970 3890 ellari
996 3839 1059 3901 pot·
1086 3831 1152 3890 satis
1167 3834 1257 3906 gravis
1273 3833 1328 3906 sir,
1355 3834 1481 3893 lomnes
1611 3851 1657 3894 .t.
1675 3833 1788 3895 nterim
1814 3837 1903 3908 primo

247 3915 308 3972 est,
333 3898 465 3960 Rebuffirs
501 3896 667 3956 adtonitis.
696 3921 745 3977 rog.
773 3917 837 3960 rom.
884 3944 892 3959 .
917 3899 998 3958 troii.
1026 3897 1059 3955 de
1087 3903 1196 3977 quidem
1212 3921 1245 3961 ea
1261 3903 1334 3964 haud
1351 3905 1507 3994 tribuenda,
1522 3913 1547 3965 si
1563 3906 1634 3966 levis
1650 3920 1757 3967 tantum
1774 3905 1901 3966 leoloin-

248 3975 382 4029 smtantii.
409 3987 462 4028 art.
488 3965 515 4026 5.
538 3967 617 4044 gloss.
644 3972 714 4030 anic.
742 3987 817 4031 narn.
838 3971 879 4031 ιθ.
906 3971 977 4030 Ant.
1004 3967 1058 4028 Fa·
1087 3975 1247 4033 tercesserit:
1266 3979 1471 4046 qsamvisenim
1489 3995 1520 4033 tn
1535 3979 1710 4046 ordinariisn
1742 3981 1803 4036 otiis
1818 3977 1903 4036 etiarn

249 4043 298 4105 ber
316 4041 378 4098 cod.
406 4040 455 4101 ibo.
494 4045 562 4098 ‚tia
585 4053 627 4112 19.
654 4039 687 4097 de
712 4063 740 4099 se
760 4041 891 4115 jaciente
918 4041 997 4115 defin.
1014 4055 1058 4099 ιο.
1087 4061 1154 4116 sepe
1170 4045 1209 4101 rei
1217 4045 1336 4102 maine
1353 4048 1456 4110 intuitu
1474 4041 1605 4114 judicium
1630 3995 1790 4110 satureiae
1805 4047 1903 4120 soleat,

247 4116 422 4186 Argentraus
439 4131 457 4167 a
493 4129 608 4170 consuet.
627 4111 753 4172 Britanni
769 4131 847 4172 arm
872 4130 942 4172 mot.
958 4129 984 4171 2.
995 4132 1022 4169 n.
1030 4109 1058 4171 6.
1088 4107 1115 4187 §.
1127 4114 1294 4190 gallinarum
1314 4113 1355 4177 16.
1375 4117 1466 4175 Initii.
1484 4117 1515 4174 de
1533 4142 1584 4178 m.
1603 4068 1684 4180 clivis.
1703 4123 1733 4176 in
1750 4119 1903 4180 extraordi-

247 4190 277 4242 in
291 4181 365 4256 fiae,
390 4187 419 4243 br
485 4194 559 4241 teos
577 4183 765 4243 Wissenbach
791 4185 833 4242 ad
875 4183 938 4256 aad
964 4181 1014 4241 ool.
1032 4197 1058 4239 a.
1089 4187 1173 4243 nariis
1189 4199 1280 4244 tamen
1298 4189 1423 4248 remediis
1441 4186 1615 4262 indulgentiis
1632 4190 1772 4252 difficilior
1789 4209 1856 4264 esse,
1872 4193 1903 4252 dr

248 4254 314 4324 disp.
333 4267 377 4310 ιι.
396 4273 414 4309 a
449 4258 493 4310 rit.
510 4253 541 4309 ds
559 4276 585 4313 aa
596 4253 686 4328 judic.
705 4274 731 4312 n.
750 4256 776 4315 5.
787 4253 878 4330 Sane,
894 4257 919 4313 si
935 4254 1060 4314 inciden·
1088 4257 1202 4314 minima
1220 4275 1278 4315 non
1295 4276 1407 4330 curare,
1423 4261 1587 4328 constituit3
1605 4281 1639 4322 ne
1657 4257 1754 4333 nnjori
1771 4268 1827 4334 rei,
1855 4281 1904 4322 ne-

239 4341 290 4396 ¹ter
309 4335 415 4381 tantum
431 4324 569 4382 restitutio
591 4335 717 4406 petatm,
742 4325 937 4392 consmittenda
953 4325 1060 4383 videtur
1088 4328 1165 4414 gotio
1180 4326 1284 4386 scilicet
1299 4344 1406 4388 summm
1422 4325 1480 4401 iure
1498 4330 1605 4405 va'lido,
1623 4337 1705 4392 nimis
1723 4344 1822 4392 temere
1835 4349 1904 4400 pra-

146 4443 149 4446 .
247 4415 333 4455 cause
348 4395 472 4466 cognitio
488 4395 576 4452 etiem
604 4394 645 4452 illi
662 4395 744 4468 pudici
789 4401 836 4471 qui
861 4398 896 4458 de
918 4395 1060 4465 principati
1090 4397 1218 4470 padicittm
1234 4395 1283 4462 fiat
1327 4397 1345 4456 l.
1365 4401 1417 4458 scio
1433 4398 1459 4469 A.
1474 4395 1509 4472 ff,
1526 4399 1554 4458 b.
1573 4419 1594 4460 r.
1613 4403 1632 4460 l.
1651 4408 1680 4462 in
1697 4420 1783 4460 caure
1805 4401 1845 4461 16.
1862 4403 1902 4471 15.

246 4470 388 4541 cognoscit
404 4461 529 4523 otilone.
547 4463 724 4525 Christianus
760 4509 767 4524 .
787 4469 835 4528 noi.
854 4481 879 4525 a.
897 4466 976 4525 decis.
1000 4461 1059 4536 154.
1088 4465 1160 4527 idem
1176 4467 1203 4540 4
1214 4465 1254 4540 ffl
1270 4441 1301 4526 ai
1318 4474 1412 4528 minos.
1430 4469 1474 4546 ³5·
1491 4476 1580 4546 annis,
1598 4474 1618 4530 l.
1636 4477 1660 4531 si
1675 4475 1734 4546 quis
1749 4467 1905 4544 affirmave-

247 4559 323 4597 mrm.
343 4551 368 4624 7.
387 4539 416 4593 in
425 4533 664 4620 Mamm-,ii-
683 4535 806 4621 idemque
821 4549 878 4610 est,
894 4538 918 4596 si
930 4540 1060 4608 perviam
1088 4541 1142 4614 nir,
1163 4554 1183 4615 9
1208 4540 1247 4611 ff·
1266 4542 1314 4602 ult.
1325 4539 1365 4614 ff.
1383 4541 1489 4598 dedolo
1507 4546 1598 4617 malo,
1624 4543 1644 4601 Ι.
1662 4565 1703 4599 m
1721 4539 1789 4600 bona
1806 4539 1851 4614 54.
1863 4541 1901 4616 ff.

247 4607 413 4680 esceptronis
430 4610 458 4665 dr
475 4602 705 4691 contraditionis·
721 4611 860 4670 restitutio
876 4620 1001 4679 petatur5
1027 4627 1061 4667 eo
1088 4609 1121 4667 do
1138 4614 1253 4671 consoni.
1271 4630 1334 4671 emt.
1353 4609 1487 4687 Quanam
1500 4630 1589 4674 autem
1606 4615 1634 4670 in
1654 4613 1902 4674 restitutionisma-

249 4681 320 4754 quod
331 4682 453 4750 ineptum
461 4676 641 4756 esset,alrum
652 4677 686 4736 de
696 4680 739 4754 ris,
756 4697 865 4750 quaper
873 4681 1060 4750 exceptionem
1086 4683 1158 4744 teria
1176 4691 1287 4742 veniant
1313 4685 1352 4741 rei
1371 4686 1491 4744 minima
1511 4683 1708 4758 appellatione,
1733 4686 1903 4758 potissimum

248 4749 422 4826 objiciuntur,
439 4765 613 4823 cognoscere,
632 4765 712 4818 quam
729 4751 775 4821 qui
801 4751 836 4809 de
852 4752 991 4810 intentata
1014 4769 1059 4809 co·
1087 4751 1202 4811 arbitrio
1218 4751 1314 4826 judicis
1331 4757 1440 4816 videtur
1462 4753 1682 4829 relinquendum:
1710 4756 1817 4823 lesione
1833 4775 1901 4816 con-

248 4823 344 4898 gnovit
355 4817 472 4894 aesone,
490 4815 1021 4918 bnt,FaberCodlii.a.pir.31,dqin.
1035 4841 1058 4890 r.
1087 4824 1203 4895 siderate
1222 4840 1279 4894 nott
1306 4829 1413 4894 ratione
1430 4828 1491 4899 sui,
1517 4831 1545 4892 ir
1564 4829 1594 4892 in
1612 4847 1657 4906 se,
1674 4830 1719 4895 sed
1732 4887 1734 4894 .
1745 4842 1902 4900 mmnttate

706 3705 767 3756 seo
783 3690 855 3757 quod
871 3709 919 3761 per
937 3684 1057 3760 appelta-
1085 3705 1195 3764 samque
1211 3689 1360 3766 alleganti,
1382 3712 1414 3753 ea
1431 3695 1582 3765 promiscue
1600 3689 1836 3772 concedendaest,
1853 3696 1901 3754 sod
2002 3692 2010 3706 “
