3994 5348
235 149 305 220 fii
494 166 500 174 “
849 163 1272 242 mmmm*

190 239 282 312 ¹4³²st
298 253 388 330 ,mmm
403 257 580 334 privilegiatis
597 271 713 336 potiores
728 275 794 326 sunt
829 268 923 326 habite
942 287 997 325 non
1028 283 1084 336 cap.
1107 280 1147 338 ¹9·
1166 283 1240 322 num.
1258 281 1300 321 aa.
1320 260 1363 320 ah.
1376 264 1418 334 ad.
1437 259 1479 319 2⁵.
1492 259 1534 318 26.
1554 258 1586 318 Si
1602 277 1692 320 tamen
1712 277 1768 318 non
1778 275 1850 321 oond

189 327 317 401 ῙΕΨΡΟΝξ
334 325 471 388 bedeima
482 337 597 394 ratione.
616 339 646 393 Si
657 335 743 406 plures
759 309 852 398 eodem
861 342 998 413 gaudeant
1030 341 1150 394 niventia
1168 340 1293 408 quadam,
1311 338 1356 393 sed
1375 349 1465 405 aperta
1484 335 1542 410 lege
1561 330 1603 390 vel
1619 346 1730 403 statuto,
1749 351 1850 394 mune-

191 390 539 482 P²¹V¹lrg¹⁰sl³fiiilegiatus
557 421 650 464 contra
661 412 998 482 aqueprivilegiatumsuo
1030 427 1087 464 tum
1106 425 1140 476 qu
1151 407 1283 465 »rumdam
1301 409 1513 466 nundinationes
1536 415 1646 472 recepta
1663 407 1737 469 sint,
1766 421 1856 474 etque

189 471 247 514 ¹¹⁰⁰
266 475 350 538 utitur
368 472 517 554 Pf¹Y¹¹egiQ
544 479 591 534 sed
610 481 682 544 prior
700 495 817 549 tempore
835 483 923 552 potior
943 480 999 553 jure
1027 482 1068 540 ita
1086 479 1283 551 quodammodo
1303 477 1469 535 hereditarie
1488 472 1583 547 faeie,
1610 483 1680 531 ratio
1708 493 1763 531 non
1788 491 1853 546 est,

187 532 322 620 estium
340 529 365 607 d·
382 557 442 628 ¹:173
457 547 583 628 precs.
601 567 621 602 r.
632 569 691 604 nov.
710 563 753 622 97.
764 549 820 608 τιὸ.
840 555 911 612 Cum
927 561 999 611 enim
1030 567 1078 605 cur
1097 569 1153 604 non
1171 569 1205 604 eo
1222 548 1319 605 saltem
1338 546 1501 616 prelationis
1519 543 1573 613 jure
1590 545 1724 617 gaudeat,
1753 551 1800 614 qul
1818 552 1859 602 itt·

188 616 263 666 tque
279 605 439 693 privilegiati
458 629 529 674 mter
547 637 639 676 senon
658 625 829 680 utanturisto
848 622 999 694 privilegio,
1031 637 1128 675 munus
1145 618 1200 675 tale
1217 619 1358 676 emendum
1376 619 1491 676 credidit
1507 633 1570 673 cum
1589 614 1667 684 pasis
1693 616 1854 675 selemim

190 684 250 768 attan¹
265 673 320 728 alto
337 691 449 740 interae
461 699 576 766 'possunt
596 687 767 764 locohaberi‚
784 701 999 765 quanrquosim-
1031 692 1201 762 interposito,
1218 701 1248 745 ut
1265 707 1363 746 munus
1380 688 1447 744 illud
1465 689 1570 758 pignori
1588 689 1640 765 sit,
1658 703 1711 754 quo
1728 687 1851 758 gaudent

95 759 106 774 ²
190 737 466 834 Phceehyporheeapis
477 760 617 832 privilegio
626 762 766 834 destituti,
784 767 827 821 cui
837 781 1000 831 consequens
1035 777 1069 816 ex
1087 756 1145 826 jure
1162 771 1210 816 aut
1228 775 1302 816 more
1322 761 1378 830 illi,
1394 763 1441 830 qui
1459 764 1487 812 in
1505 759 1652 813 emtionem
1670 775 1760 812 rerum
1778 757 1850 812 alia·

188 821 219 863 Ψ
236 829 284 882 <1¹¹¹
300 835 373 902 prior
389 835 428 878 est
447 837 573 896 ternpore,
590 835 674 886 etiam
694 827 749 898 iure
766 839 856 903 potior
866 836 895 889 in
915 831 1001 906 hypo-
1032 845 1092 898 tum
1108 847 1168 886 cum
1185 845 1328 899 expresso,
1354 836 1380 886 bt
1401 843 1533 896 quantum
1550 827 1584 884 ad
1603 827 1755 881 immobilia
1781 832 1852 883 atti-

188 889 201 932 ῐ
252 905 268 942 a
294 905 349 958 stt,
373 909 430 1018 arg.
449 899 466 951 l.
485 903 509 953 ri
524 899 625 956 decrero
641 917 665 956 a.
684 903 711 957 C.
730 903 755 958 b.
775 921 795 960 r.
815 907 830 959 l.
851 908 875 960 si
890 903 923 966 (5
949 904 1001 958 'are
1034 917 1099 966 net,
1116 915 1208 955 coram
1224 900 1282 971 lege
1300 899 1353 955 loci
1380 900 1535 954 solemniter
1562 895 1699 956 celebrato
1727 898 1852 968 pignoris

182 962 273 1017 tol.
296 957 385 1028 taff
420 981 463 1021 ιε.
482 971 500 1024 l.
518 987 680 1040 rurnoporrer
698 967 758 1046 6.§.
778 975 865 1030 alac.
885 923 1000 1029 Διίοηὶε
1034 967 1128 1040 padio,
1157 972 1205 1038 ipsi
1225 973 1405 1026 instrumento
1422 969 1578 1024 traditionis
1602 966 1781 1023 immobilium
1804 968 1852 1022 in·

148 1069 152 1094 .
189 1059 244 1112 μ,
262 1033 355 1094 liberis.
374 1031 434 1092 Nec
452 1036 514 1096 huic
531 1049 682 1099 contrarius
697 1055 739 1100 est
761 1042 856 1102 Paulus
872 1045 901 1100 in
921 1043 938 1098 l.
947 1047 1001 1112 pri·
1032 1053 1112 1110 serto,
1129 1041 1311 1097 crediderunt.
1332 1035 1472 1094 Hosenitn
1491 1037 1546 1106 jure
1557 1037 1684 1096 Romano
1702 1053 1765 1094 ante
1781 1038 1852 1094 alios

187 1113 284 1186 vilegia
303 1103 345 1164 32.
357 1104 394 1176 ff.
414 1108 446 1161 de
463 1109 513 1165 reb.
533 1116 633 1169 audior.
670 1113 719 1169 'ud
745 1115 839 1183 possid.
867 1115 900 1175 dt
926 1111 1000 1170 vend.
1033 1113 1140 1164 etntoris
1158 1111 1303 1166 creditores
1314 1108 1522 1180 hypothecarios
1539 1115 1703 1165 anteriorem
1715 1107 1852 1178 hypothe-

187 1183 260 1242 Cum
279 1183 321 1238 lex
337 1179 386 1236 illa
403 1180 580 1252 intelligenda
595 1189 629 1240 sit
664 1182 915 1258 echlrographatiis
932 1181 1001 1248 eius·
1032 1198 1091 1234 carn
1109 1179 1264 1250 generalem
1281 1197 1430 1250 expressam
1440 1195 1485 1234 aut
1501 1182 1615 1234 tacitam
1627 1178 1764 1245 habentes,
1783 1198 1850 1246 pra·

186 1255 251 1314 dem
268 1251 352 1322 tituli,
369 1273 415 1310 seu
425 1254 482 1314 pari
501 1255 641 1326 pivilegio
652 1258 775 1324 inunitis,
794 1257 822 1312 in
840 1254 936 1327 quibus
947 1269 1001 1308 non
1033 1249 1170 1316 lationem,
1188 1253 1215 1308 ἀ
1228 1252 1412 1319 equalescum
1427 1249 1539 1307 muliere
1547 1249 1581 1306 de
1594 1250 1659 1307 dote
1666 1250 1853 1307 contendente

185 1325 316 1391 temporis
333 1326 405 1379 ratio
422 1322 547 1379 habenda
566 1320 635 1392 hrit,
674 1330 714 1380 aia
733 1328 760 1382 lit
787 1322 1001 1398 chirographarii
1034 1320 1073 1389 jus
1091 1317 1222 1388 habuisse,
1241 1335 1313 1388 patet
1331 1339 1365 1378 et
1385 1341 1442 1377 nro.
1453 1335 1496 1390 97.
1514 1335 1570 1387 cap.
1589 1317 1614 1374 5.
1626 1322 1643 1375 i.
1662 1323 1721 1374 lr'cet
1738 1333 1763 1390 7.
1784 1320 1850 1374 ci.

184 1393 273 1463 plures
291 1394 451 1466 privilegiati
468 1391 586 1460 ejudem
603 1397 638 1451 tit
669 1398 744 1451 isuo
762 1397 832 1452 inter
850 1415 877 1453 se
894 1393 1001 1463 privile·
1033 1409 1052 1444 r.
1071 1388 1320 1464 Gatptoviusdefin.
1332 1387 1500 1462 psaranupar.
1522 1389 1848 1461 r.cornr.ai.dvfin.107.

185 1464 234 1535 gio
252 1481 307 1518 non
325 1477 458 1534 utuntur,
476 1481 528 1534 quo
547 1463 595 1534 ht,
624 1478 652 1522 ut
679 1464 818 1537 privilegio
845 1472 914 1521 inter
934 1469 1002 1534 ipsos
1035 1459 1122 1516 Aliter
1142 1479 1222 1529 quam
1240 1461 1385 1532 obtineret,
1403 1464 1425 1517 si
1443 1463 1550 1518 denum
1568 1461 1792 1530 postsolernnem
1809 1465 1849 1520 ru·

186 1548 325 1602 cessante,
342 1539 505 1593 considerari
522 1535 638 1590 debeant
656 1548 784 1604 tanquam
793 1535 926 1602 simplices
942 1532 1001 1589 chi-
1033 1530 1207 1588 traditionem
1226 1539 1323 1601 ei,¹qui
1336 1534 1471 1589 venditori
1490 1545 1538 1599 pro
1555 1545 1659 1590 emtore
1669 1533 1787 1600 pretium
1797 1549 1852 1586 nu-

184 1603 364 1676 zographarit
382 1607 456 1662 inter
472 1621 539 1674 quos
557 1604 1001 1679 simpliceschirographarioscon-
1033 1604 1163 1670 tristavit,
1184 1599 1222 1670 jas
1240 1608 1358 1676 pignoris
1375 1605 1403 1654 in
1429 1620 1457 1658 re
1475 1615 1547 1655 emta
1564 1604 1744 1657 constitutum
1761 1613 1851 1658 esset:

185 1691 279 1730 cursus
296 1689 353 1743 est,
371 1675 441 1735 licet,
452 1677 621 1733 diversitates
638 1679 767 1742 temporis
785 1677 963 1744 intercedant,
983 1677 999 1729 l.
1033 1685 1093 1725 cum
1111 1677 1185 1727 enim
1201 1690 1234 1728 eo
1250 1691 1313 1728 casu
1330 1674 1484 1729 dominium
1499 1677 1595 1730 emtori
1621 1674 1680 1728 sine
1699 1689 1780 1730 onere
1796 1673 1853 1725 im-

80 1785 82 1793 .
185 1744 213 1797 si
229 1742 363 1800 bominem
379 1739 405 1818 j.
424 1744 451 1821 β.
470 1748 518 1804 ult.
536 1744 568 1813 ff.
584 1746 699 1814 depositi.
940 1763 944 1768 ·
1033 1741 1120 1808 posito
1137 1743 1287 1814 obvenerit,
1306 1747 1333 1801 dt
1355 1750 1391 1799 ita
1408 1741 1666 1810 creditoribusaliis,
1685 1744 1852 1798 anteriorem

226 1828 266 1885 17.
284 1813 420 1875 Ordinem
438 1817 668 1886 privilegiatorum
686 1815 850 1874 creditorum
868 1811 1001 1892 hypothe-
1032 1811 1182 1936 ginaralem
1202 1811 1379 1888 hypothecam
1398 1829 1430 1868 et
1448 1815 1626 1869 conventione
1651 1812 1694 1868 vel
1719 1812 1778 1884 lege
1796 1811 1849 1870 ha-

186 1888 320 1942 sariorum
338 1890 408 1954 quod
428 1889 542 1955 attinet,
570 1885 673 1944 cuneta
700 1885 803 1951 plenius
820 1886 1002 1953 examinatis,
1068 1882 1176 1952 ntrbus,
1194 1885 1420 1953 primoacquisiti
1447 1883 1563 1938 doninii
1590 1898 1730 1938 momento
1756 1899 1853 1940 natum

186 1957 411 2015 considerandum
429 1968 504 2028 puto,
522 1957 589 2012 alios
607 1977 672 2027 esse,
689 1955 783 2025 quibus
803 1959 830 2012 in
849 1977 878 2016 re
896 1970 1002 2013 tantum
1033 1949 1116 2008 fuerit
1136 1956 1254 2026 pignoris
1272 1951 1320 2022 jus,
1340 1971 1389 2010 nec
1407 1954 1460 2009 dici
1478 1959 1572 2024 possit,
1587 1952 1738 2009 dominium
1747 1955 1876 2009 emtori.

184 2038 259 2082 oerta
270 2022 310 2092 jus
328 2024 553 2101 hypothececum
573 2028 716 2098 privilegio
725 2029 865 2098 quesitum
882 2043 1002 2085 estresse
1032 2034 1079 2078 aut
1098 2021 1137 2092 jus
1156 2022 1497 2094 hypothecam-editoribus
1513 2041 1599 2090 exeo,
1616 2026 1686 2094 quod
1703 2024 1769 2081 alius
1781 2027 1848 2078 sim-

183 2111 220 2152 e:
236 2099 349 2154 adverso
366 2103 393 2158 dr
413 2099 491 2168 tales,
516 2102 562 2166 qui
580 2096 732 2168 generalem
750 2097 778 2152 in
789 2105 880 2154 omnia
896 2097 1002 2158 debito·
1033 2091 1140 2158 pliciter
1157 2096 1272 2166 pretium
1288 2095 1386 2149 emtori
1405 2109 1526 2150 mutuum
1545 2093 1633 2161 dedit,
1651 2095 1695 2151 sed
1714 2099 1798 2166 magis
1815 2109 1850 2150 ex

185 2165 306 2225 tlsbona
326 2165 541 2240 hypothecam&
560 2168 640 2237 privil
675 2165 850 2237 iumhabent,
867 2171 895 2227 dr
913 2171 1002 2223 sinon
1032 2161 1145 2220 solemni
1163 2166 1313 2223 venditoris
1330 2167 1485 2232 traditione,
1501 2163 1641 2232 quesitum
1658 2182 1733 2230 esse;
1749 2181 1847 2222 conse·

189 2253 301 2306 aernper,
320 2255 348 2295 at
365 2237 461 2298 saltem
481 2239 634 2306 plerumque
651 2239 721 2308 ilos,
737 2236 834 2304 quibus
852 2243 881 2293 in
900 2255 929 2296 re
946 2243 1002 2292 sin·
1032 2251 1115 2301 mens
1132 2250 1190 2305 est,
1209 2235 1270 2291 illos
1287 2247 1415 2302 tanquam
1435 2249 1554 2303 tempore
1574 2235 1674 2301 priores
1693 2239 1775 2290 etiam
1793 2231 1852 2301 jure

185 2309 274 2378 galati
294 2308 445 2380 hypotheca
464 2327 526 2365 cum
546 2307 686 2377 privilegio
702 2309 850 2380 competit,
869 2310 897 2364 in
916 2309 1001 2376 pretio
1034 2308 1149 2372 potiores
1167 2325 1222 2362 esse
1239 2325 1281 2374 eo,
1298 2312 1341 2361 cui
1360 2307 1388 2359 io
1409 2307 1487 2372 pretii
1503 2303 1599 2361 crediti
1617 2307 1786 2362 securitatem
1802 2323 1851 2364 res
1881 2323 1884 2328 ·

185 2396 219 2434 ex
238 2377 284 2432 illa
304 2397 332 2434 te
348 2377 457 2436 sedatio
475 2377 591 2448 preferri
610 2377 670 2433 aliis
687 2377 840 2446 generalem
862 2379 890 2432 in
909 2379 1001 2434 omni-a
1032 2387 1102 2431 emta
1122 2391 1178 2441 post
1189 2378 1361 2434 traditionem
1380 2381 1487 2445 pignori
1502 2375 1653 2442 specialiter
1662 2373 1780 2444 obligata
1790 2387 1850 2439 ests

186 2446 313 2505 debitoris
331 2447 403 2505 bona
423 2449 582 2507 habentibus
594 2447 770 2523 hypothecam
783 2447 926 2516 privileeio
936 2467 1002 2518 prae·
1034 2444 1085 2500 illis
1101 2445 1196 2504 saltem
1215 2449 1243 2502 in
1262 2446 1337 2513 locis,
1355 2448 1384 2501 in
1402 2444 1499 2514 quibus
1527 2443 1681 2514 hypotheca
1710 2443 1847 2514 generalis

186 2518 298 2575 lationis
316 2526 459 2575 munitam.
477 2517 540 2592 Qua
557 2521 590 2577 de
607 2535 686 2576 causa
706 2519 791 2576 etiam
819 2537 852 2576 ex
878 2491 928 2575 hoc
945 2537 1001 2576 cre·
1033 2519 1152 2572 anterior
1169 2516 1256 2574 adhuc
1273 2515 1418 2572 secandum
1437 2529 1565 2588 precepta
1593 2512 1657 2584 juris
1680 2515 1770 2571 civilis
1787 2533 1852 2584 spe·

183 2589 306 2648 dirorum
316 2586 475 2661 labyrintho
493 2591 658 2649 &tortuosis
676 2587 1002 2648 acsalebrosisluriscon-
1021 2586 1096 2658 ¹ciali
1115 2589 1259 2653 posteriore
1277 2587 1413 2656 potentior
1430 2599 1472 2643 est
1482 2627 1490 2658 ,
1507 2603 1565 2658 arg.
1585 2587 1601 2641 i.
1612 2589 1735 2656 quamvis
1757 2600 1797 2657 17.
1818 2587 1846 2641 C.

184 2659 325 2720 saltarum
338 2661 368 2716 in
388 2661 438 2717 hac
456 2667 566 2717 materia
584 2655 760 2730 anfraeiibns,
779 2675 835 2718 non
846 2660 926 2732 aliter
940 2657 1001 2716 feli·
1033 2655 1065 2712 di
1079 2660 1147 2728 pigra.
1164 2658 1197 2719 (5
1215 2657 1313 2728 hypati.
1334 2659 1423 2712 ilices
1441 2672 1466 2728 7.
1477 2655 1538 2712 Ced.
1556 2653 1581 2711 h
1600 2672 1620 2712 r.
1640 2660 1666 2709 in
1686 2653 1773 2714 verbo
1790 2671 1853 2710 rra·

186 2737 243 2790 sius
260 2747 304 2787 me
319 2747 463 2789 evammm
479 2731 600 2804 credidi,
619 2736 738 2799 quamsi
758 2735 845 2801 primo
863 2728 923 2788 loco
941 2729 1003 2785 illos
1033 2730 1093 2801 rim,
1111 2726 1202 2786 sande
1219 2728 1297 2784 deris.
1317 2728 1407 2785 Frisii.
1427 2727 1471 2784 lii.
1483 2723 1509 2782 3.
1527 2729 1569 2782 rit.
1583 2742 1621 2781 ta.
1640 2723 1715 2793 deris.
1732 2725 1760 2782 6.
1779 2725 1853 2784 Car-

186 2803 374 2872 recensuetim,
392 2802 490 2871 quibus
510 2805 537 2856 in
558 2800 685 2874 singulari
705 2799 857 2872 hypotheca
868 2818 929 2858 cum
947 2803 1002 2869 pri·
1033 2802 1142 2866 paovius
1158 2797 1234 2868 defin.
1245 2793 1364 2870 strepas.
1387 2799 1523 2854 scanni.
1542 2791 1668 2864 addefirr.
1692 2793 1749 2850 ποθ.
1769 2793 1857 2856 Nam

186 2871 288 2945 pilegio
305 2887 372 2930 nata
387 2885 427 2929 est
463 2872 611 2942 simulque,
658 2873 727 2930 uoad
744 2870 800 2940 ejus
825 2870 880 2928 heri
898 2877 1003 2943 potest,
1033 2871 1076 2938 dt,
1093 2871 1116 2926 si
1134 2875 1187 2937 ipse
1206 2871 1333 2927 venditor
1352 2885 1408 2926 tem
1427 2866 1587 2926 immobilem
1604 2863 1776 2937 vendiderit,
1794 2881 1856 2940 ae,

185 2941 365 3014 definiverim,
382 2915 450 3010 quid
462 2943 526 3012 luris
543 2945 587 3014 sit,
605 2944 628 2999 si
640 2891 709 2999 done
727 2939 814 3012 plures
830 2955 1003 3012 concurrant,
1035 2939 1086 2996 lide
1101 2941 1135 2998 de
1152 2942 1238 3006 pretio
1256 2939 1368 3006 habita,
1386 2937 1542 2997 solemniter
1559 2940 1654 3020 emtori
1676 2943 1770 2991 coram
1789 2935 1852 3010 lege

205 3017 234 3070 ui
252 3019 280 3070 in
297 3013 391 3072 eadem
408 3034 436 3071 re
453 3033 486 3070 et
504 3016 590 3068 causis
607 3013 724 3088 diversis·
745 3009 926 3087 hypothecam
943 3031 1000 3084 spe-
1034 3009 1086 3066 loci
1104 3011 1260 3076 tradideritp
1279 3027 1334 3066 non
1354 3008 1433 3065 aliter
1451 3010 1562 3066 emtoris
1578 3003 1852 3082 creditoribuslega·

187 3081 285 3140 celem
302 3082 405 3140 habent
422 3101 453 3140 ac
472 3084 667 3152 prelationem,
967 3091 994 3155 j
1036 3080 1088 3138 lem
1107 3091 1153 3134 aut
1172 3079 1408 3136 conventionalem
1426 3077 1605 3152 hypothecam
1623 3073 1776 3149 generalem
1793 3095 1851 3134 em-

226 3150 266 3210 ri.
285 3151 408 3212 Maxime
443 3154 521 3211 rivile
542 3160 611 3209 tatus
627 3155 697 3212 inter
717 3151 920 3223 hypothecariae
937 3153 1004 3212 inre
1035 3152 1109 3208 tione
1127 3153 1301 3208 vemstiorem
1313 3147 1687 3216 habentibusanteponendus
1697 3160 1749 3217 est,
1767 3163 1851 3216 quam

187 3222 321 3296 singulari
340 3171 677 3294 hypodecan‘lssbenres,
691 3240 723 3282 cr
741 3225 801 3284 Jure
812 3223 937 3283 Romano
953 3237 1003 3297 est,
1034 3227 1055 3276 si
1074 3227 1102 3276 in
1123 3225 1179 3290 ipso
1195 3221 1309 3278 solemni
1327 3221 1484 3277 traditionis
1512 3217 1632 3276 aetates
1657 3215 1713 3301 illa·
1735 3229 1807 3274 emta
1824 3223 1853 3275 et

121 3304 124 3310 ’
186 3297 233 3364 qui
251 3297 280 3351 in
299 3294 426 3351 militiam
442 3296 584 3353 emendam
600 3294 734 3364 credidit,
761 3296 856 3352 addito
874 3293 951 3364 patio
970 3297 997 3350 in
1035 3307 1081 3360 pro
1099 3293 1185 3360 pretio
1202 3295 1308 3350 residuo
1326 3290 1482 3348 solemniter
1499 3286 1627 3347 desistis
1645 3285 1746 3358 lucrat,
1774 3293 1849 3354 quasi

185 3369 347 3432 scripturam
365 3363 480 3436 sedada,
498 3381 528 3424 ut
547 3371 574 3423 in
595 3361 693 3420 militia
711 3361 835 3424 omnibus
853 3368 942 3434 potior
958 3371 1004 3437 sit,
1035 3375 1100 3419 tunc
1119 3377 1173 3417 non
1192 3362 1246 3418 alia
1265 3362 1323 3436 lege
1342 3361 1457 3420 voluerit
1483 3361 1637 3420 dominium
1665 3362 1694 3412 in
1722 3369 1857 3439 enatarem

186 3435 258 3492 adeo
276 3448 307 3492 ut
323 3441 406 3494 etiam
424 3441 475 3505 ipsi
494 3435 600 3494 mulieri
616 3435 734 3494 dedatis
749 3442 920 3494 restitutione
936 3455 1004 3492 con·
1038 3429 1195 3505 transferre,
1211 3446 1291 3503 quam
1309 3444 1339 3491 ut
1357 3436 1385 3486 in
1404 3451 1433 3490 ee
1449 3443 1522 3487 emta
1539 3427 1636 3502 (quam
1655 3435 1679 3498 pl
1718 3434 1773 3484 oris
1793 3445 1852 3496 pire

187 3507 312 3565 tendenti
331 3505 493 3578 praeferatur,
511 3504 603 3564 novell.
621 3517 665 3576 97.
676 3520 732 3573 cap.
767 3507 814 3559 uia
830 3525 889 3562 vero
906 3505 931 3576 4.
943 3521 1005 3564 cum
1035 3513 1082 3572 pro
1100 3505 1185 3571 pretio
1203 3507 1320 3560 retinere
1337 3509 1469 3572 moetas,
1487 3501 1641 3556 titalianus
1664 3443 1792 3575 rffffiss
1810 3497 1852 3568 ,jz

187 3575 293 3636 militie
311 3576 391 3636 dacus
408 3582 435 3637 iit
453 3575 623 3634 commodum
633 3576 715 3631 etiam
733 3523 768 3632 ad
778 3591 887 3634 uxorem
904 3577 1001 3635 redun-
1028 3571 1099 3640 ferri
1116 3570 1147 3626 dr
1158 3575 1210 3630 adi.
1229 3571 1305 3643 rmr.)
1323 3573 1450 3629 omnibus
1467 3570 1538 3642 aliis,
1556 3569 1651 3638 quibus
1667 3589 1701 3628 ex
1718 3571 1853 3642 acquisito

187 3648 235 3706 det
261 3652 357 3719 quippe
373 3666 428 3718 que
443 3647 705 3718 =nariririignttatem
767 3647 849 3717 uitur,
859 3648 877 3702 l.
888 3644 1004 3722 firmina
1035 3659 1080 3714 per
1099 3653 1233 3712 emtorem·
1244 3645 1368 3701 dominio
1386 3642 1425 3712 jes
1434 3645 1553 3712 pignoris
1564 3647 1636 3698 nasci
1646 3654 1743 3712 posset,
1762 3641 1850 3710 potior

187 3713 214 3774 ll.
226 3689 301 3776 dealt.
314 3713 352 3787 ff
368 3719 400 3774 de
419 3716 593 3783 senatoribus,
608 3717 675 3796 adeo
692 3664 818 3773 utsMs'id
835 3719 919 3775 etiam
937 3734 1006 3775 uxor
1035 3725 1114 3784 esset,
1129 3727 1186 3787 arg.
1205 3716 1222 3769 l.
1242 3713 1382 3771 reddita.
1401 3710 1434 3782 ff
1441 3711 1475 3767 ds
1490 3710 1542 3768 nb.
1553 3729 1603 3766 eor.
1622 3714 1669 3783 qui
1683 3709 1732 3776 sub
1748 3725 1799 3768 tat.
1810 3709 1854 3766 etl

186 3793 289 3846 marito
306 3785 376 3845 reste
393 3789 475 3848 donet
493 3786 667 3856 adipiscenda
683 3786 825 3858 dignitatis
843 3787 953 3862 gratia,
970 3787 1004 3844 li·
1034 3803 1108 3853 cura,
1126 3785 1144 3840 l.
1158 3783 1212 3840 alr.
1230 3787 1259 3841 in
1269 3782 1328 3855 fine
1345 3783 1405 3841 cod.
1424 3781 1456 3838 dr
1473 3783 1557 3851 paliis
1575 3783 1714 3838 interemi.
1733 3779 1858 3842 &md

186 3873 231 3917 set
248 3857 368 3928 alioquin
387 3863 459 3918 inter
477 3865 602 3916 maritum
620 3858 648 3914 dt
661 3873 774 3914 uxorem
790 3857 951 3916 donationes
960 3877 1001 3916 re·
1034 3853 1052 3908 l·
1071 3853 1153 3928 legem
1173 3857 1217 3910 to?
1240 3856 1268 3909 C.
1288 3853 1318 3909 de
1335 3854 1430 3924 paliis.
1447 3851 1596 3923 Alioquin,
1624 3850 1775 3926 hypotheca
1792 3863 1852 3920 post

188 3927 314 4000 probata
331 3933 406 4002 sint,
422 3932 441 3988 l.
460 3929 530 4002 quod
543 3927 713 3996 adipiscenda
728 3925 771 3997 do.
790 3927 826 3990 ὁ*
841 3949 905 4004 seqq.
921 3927 954 3999 [ᾖ
973 3927 1004 3983 ds·
1033 3925 1208 3982 traditionem
1225 3925 1334 3982 aenam
1341 3928 1502 3997 constituta,
1521 3925 1646 3982 venditor
1656 3923 1735 3991 pretii
1751 3923 1857 3980 residui

186 3998 279 4056 donar.
290 4003 415 4059 intersis.
427 3999 539 4064 &uros
558 3995 627 4072 Qua
638 4015 674 4054 an
692 3999 727 4056 ad
744 4015 854 4056 munera
872 3997 1004 4060 nonnulla
1034 3995 1136 4072 intuitu
1153 4006 1261 4060 tantum
1277 4011 1311 4055 ex
1329 3994 1856 4066 hypotheca-cmaimtatemporepre-

187 4069 355 4140 quibusdam
369 4079 396 4128 in
415 4072 482 4129 locIs
499 4070 582 4130 hodie
604 4067 712 4127 venalia
730 4067 841 4137 produci
866 4069 1003 4141 debeant,
1035 4071 1187 4138 rogativam
1204 4062 1255 4122 sibi
1273 4083 1398 4140 arrogare
1416 4079 1513 4138 potest,
1528 4064 1643 4138 solisque
1652 4063 1853 4150 posterioribus,

188 4147 214 4200 sl
231 4146 290 4228 quis
307 4147 336 4199 in
354 4159 445 4228 eorum
454 4144 598 4230 emtionem
617 4155 742 4196 nummos
749 4157 812 4197 cum
829 4142 1003 4212 expressopi·
1035 4151 1089 4192 non
1110 4139 1180 4220 irem·
1192 4135 1372 4223 anterioribus
1388 4137 1537 4207 specialem,
1554 4133 1771 4208 aut‘geperalem
1794 4151 1853 4204 pars

189 4207 887 4358 assistitelittterasttitliit
905 4223 1004 4354 ists
1033 4206 1536 4352 rttsmstaasatrtu
1555 4203 1853 4334 talariam

189 4353 345 4426 crediderit,
364 4356 497 4414 incertum
513 4367 564 4414 est.
583 4349 745 4424 Negantera·
764 4356 928 4411 sententiam
945 4369 1003 4408 am·
1035 4346 1126 4402 Friric.
1144 4346 1190 4404 lib.
1209 4344 1234 4402 5.
1251 4348 1296 4404 rit.
1315 4363 1357 4406 aa.
1376 4349 1454 4422 dapis.
1477 4349 1518 4406 πθ.
1536 4349 1565 4402 ivr
1582 4347 1650 4404 med.-
1668 4344 1713 4406 Ne
1750 4353 1857 4407 santius

189 4420 315 4492 pledh'tur
334 4426 400 4483 Ant.
419 4423 575 4494 Mattheus,
591 4437 649 4481 tam
666 4429 729 4493 quia
746 4441 859 4482 munera
884 4425 936 4485 isra
955 4427 1003 4480 ve·
1033 4414 1065 4472 dr
1075 4415 1196 4492 pignos-ib«.
1205 4431 1262 4489 par.v
1273 4417 1389 4498 dipsitis.
1401 4441 1475 4476 sams
1486 4415 1651 4493 ὅππῃ.
1662 4417 1709 4474 An
1746 4415 1852 4503 .Gayl;

185 4491 291 4554 retibus
307 4493 496 4555 Romanorum
506 4491 612 4551 militiis
626 4493 769 4554 dissimilia
777 4509 861 4562 sunta
874 4510 932 4552 tum
942 4499 1004 4563 aula
1033 4485 1076 4544 libs
1095 4504 1120 4544 2·
1137 4486 1291 4547 obserans.
1310 4487 1371 4559 rad.
1393 4487 1474 4563 Hugo
1491 4485 1607 4548 Grotius
1622 4489 1734 4546 mna
1753 4489 1856 4563 adju·

186 4561 236 4641 issa
254 4583 396 4626 munerum
413 4566 580 4640 publicorum
598 4565 763 4622 nundinatio
779 4564 872 4624 odiosa
889 4581 921 4623 ac
937 4581 1003 4624 con·
1033 4563 1113 4627 sisps„
1125 4558 1206 4616 listi
1216 4559 1261 4617 lib.
1281 4575 1305 4615 a.
1324 4573 1378 4631 cap.
1398 4557 1446 4629 dds.
1459 4583 1488 4618 n.
1506 4557 1551 4631 49.
1569 4560 1645 4621 Aac..
1657 4559 1806 4621 Mattheus
1822 4563 1859 4618 de

187 4647 232 4702 tta
250 4637 336 4699 bonos
353 4655 441 4696 mores
457 4650 497 4696 est
508 4654 523 4705 ς,
535 4649 596 4694 tum
612 4636 745 4706 dmlque,
762 4637 829 4706 quia·
844 4653 920 4694 novae
936 4653 1003 4694 con·
1034 4628 1106 4686 caii.
1123 4628 1171 4688 lib'.
1195 4651 1219 4691 t.
1236 4651 1260 4688 c.
1281 4641 1320 4703 ¹9·
1339 4651 1365 4688 ns
1386 4631 1430 4704 69.
1449 4632 1485 4695 ὁ*
1501 4647 1544 4704 po.
1724 4668 1726 4674 ι

170 4709 355 4785 stitutione,
372 4709 457 4782 pulis
472 4723 515 4766 est
531 4709 560 4768 δι
577 4706 624 4766 illa
642 4709 675 4767 de
692 4706 798 4764 militiis
806 4707 913 4840 piggod
931 4703 1003 4766 obli·
1075 4713 1115 4773 ¹9³
1134 4697 1266 4762 Praeterea
1283 4699 1462 4776 hypothecam
1477 4700 1708 4776 camprinlsgto
1732 4700 1857 4776 haberit,-

187 4789 266 4866 gatis,
287 4800 344 4842 non
361 4782 512 4844 admiserat
529 4781 716 4844 extensionem
731 4777 769 4839 de
782 4798 820 4838 av
871 4799 903 4841 ns
913 4777 957 4841 lii.
979 4795 1009 4838 rs
1034 4773 1083 4845 titii
1099 4773 1272 4838 crediderunt
1288 4777 1317 4834 in
1334 4769 1509 4838 Medionem
1526 4774 1646 4849 adiume-
1658 4777 1746 4846 uti-&-
1759 4793 1858 4846 amun·
