4022 5352
740 201 931 278 Communia
957 210 1152 279 Proediorurtt
1177 205 1235 280 iit·
1430 162 1432 171 y
1669 232 1761 308 ι197

159 309 331 372 meatim
361 305 448 378 politti
464 302 495 360 itt
520 317 554 362 to
570 304 652 361 tertio
679 316 759 371 quam
788 303 969 370 differendam
1001 323 1022 364 r.
1039 299 1065 380 ᾗ
1082 309 1146 378 quia
1163 321 1257 364 aretam
1273 302 1300 363 6.
1311 303 1391 382 ffidt
1410 305 1565 381 superficiei.
1584 307 1602 365 l.
1620 309 1645 366 ti
1658 307 1710 366 sibi
1724 311 1804 370 hmo

68 417 71 424 ,
162 399 277 452 ponens:
296 393 376 450 atquae
393 377 501 446 insuper
520 375 548 432 id
562 385 670 452 cpnstat
687 383 721 429 ert
745 371 765 430 1.
783 378 807 431 si
831 373 897 430 ades
924 367 967 428 aa.
995 373 1039 434 116.
1058 369 1083 450 §.
1102 374 1151 432 alt.
1174 373 1210 447 ff.
1228 375 1261 432 aa
1277 379 1300 433 Ie
1316 381 1371 435 atis
1400 395 1423 436 1,
1442 382 1580 437 servitutis
1606 397 1670 438 vero
1686 383 1801 442 metitus

183 450 239 510 ‚da
255 451 346 507 satuit.
361 445 439 533 ptati.
458 443 552 503 urban.
601 437 967 518 111.1.1.1.1111.1.5.1.
995 463 1050 506 esse
1066 446 1206 517 nequinl.
1227 463 1249 504 1.
1291 449 1349 503 .de
1366 469 1416 506 aaa
1433 446 1467 510 Θ
1485 445 1570 522 urtfiv.
1590 450 1691 524 legata,
1709 448 1805 508 arieti

204 517 237 595 ffl
257 523 281 578 ri
298 534 386 576 tttvtt.
403 515 478 588 aiud.
496 514 557 574 Gon
569 533 599 572 er
618 511 776 572 Galtanum
803 519 832 570 in
849 512 968 585 pluribus
995 522 1068 574 enim
1085 534 1165 572 1111111
1182 528 1249 575 tunc
1266 519 1404 576 servitutis
1421 518 1568 588 appellatio
1584 536 1666 578 mnne
1682 520 1802 591 cample·

121 639 123 644 ,
159 584 204 650 hic
221 590 434 648 consentientem
450 584 483 644 aa
502 581 641 657 ueniant
665 603 679 640 c
750 579 793 656 39.
822 605 895 642 nam.
925 601 966 641 ro.
994 583 1294 644 &natumnatum
1308 592 1336 648 81
1353 587 1509 658 qualequale
1526 589 1565 646 rei
1583 607 1661 646 onus

162 671 204 718 rr.
231 675 272 718 ra.
301 655 417 717 Castillo
443 657 477 715 de
494 653 657 728 Sorotaayor
743 650 883 728 asfiaiia
910 669 966 724 cap.
1032 673 1071 714 11.
1089 655 1242 714 Commune
1250 658 1333 713 etiam
1349 661 1623 726 utriqueservitutum
1639 659 1732 731 genai
1748 675 1800 730 est,

161 745 203 801 70.
221 751 248 788 te
275 725 318 785 52.
337 725 370 790 dt
387 745 453 798 seqq.
474 723 610 784 Peresium
627 724 669 781 ad
682 743 701 782 t.
721 726 748 782 C.
762 744 817 798 qua
836 743 876 781 m
897 726 965 797 p'na.
993 727 1075 799 quod,
1091 731 1137 793 nui
1160 744 1204 782 eas
1221 725 1303 784 habet
1320 727 1372 786 sibi
1400 729 1595 800 constitutas,·
1610 743 1709 785 novum
1732 745 1800 800 opus

159 797 233 876 ablig.
253 818 280 856 tt.
303 812 343 859 ro.
393 801 398 808 '
995 803 1124 854 nunciare
1141 799 1234 865 possit,
1246 799 1269 851 si
1286 799 1366 856 modo
1384 813 1484 856 novum
1502 797 1570 854 illud
1588 815 1653 866 opus
1669 799 1798 856 1111111111

195 881 222 942 9
243 865 393 927 individuis
402 879 526 936 praterea
535 863 614 922 rebus
623 863 761 936 pradiales
770 881 864 924 omnes
880 865 963 920 servi·
993 863 1097 924 dirsblo
1113 872 1279 923 contrarium
1296 873 1351 932 sits
1378 867 1461 924 veluti
1478 869 1503 925 si
1530 868 1611 924 altius
1627 865 1727 937 tollat,
1750 881 1800 926 aut

162 949 236 996 ames
252 937 456 995 adnumeranda
474 949 555 1006 sunt,
578 938 617 991 sic
634 947 665 992 ut
683 954 733 1008 pro
760 950 835 1008 parre
851 934 965 1005 acquiri,
994 934 1139 993 luminibus
1155 932 1268 1007 officiat,
1285 939 1332 1021 qui
1350 938 1442 994 vicino
1457 949 1626 995 concesserat
1641 934 1725 994 altius
1741 953 1800 996 norr
1821 973 1826 980 -

161 1012 308 1077 constitui,
333 1019 382 1064 aut
398 999 483 1066 adimi
510 1024 567 1064 non
584 1007 696 1076 possint.
715 1003 794 1064 Unde
813 1023 861 1062 net
878 1009 963 1061 socio·
994 1003 1106 1064 tollendi
1125 1017 1172 1062 aut
1200 1003 1348 1062 luminibus
1376 1025 1430 1065 non
1449 1005 1586 1065 officiendi
1605 1002 1664 1076 ius,
1691 1006 1709 1060 l.
1726 1010 1795 1064 ineat

160 1094 223 1134 tum
240 1094 328 1145 unus,
352 1074 441 1134 altero
459 1076 549 1132 invito
573 1077 732 1134 servitutem
750 1072 820 1133 sciit
848 1075 963 1143 imponit
994 1079 1131 1134 servitutes
1163 1073 1201 1130 15.
1221 1076 1248 1130 ia
1259 1074 1317 1148 fite
1335 1071 1374 1144 ff.
1389 1074 1420 1131 de
1438 1080 1526 1134 serait.
1544 1075 1619 1146 prad.
1650 1071 1707 1131 aab.
1728 1077 1747 1132 l.
1764 1074 1798 1130 dc

160 1147 260 1214 predio
276 1164 324 1216 pro
332 1146 449 1204 indiviso
466 1149 610 1210 conmuni,
621 1145 639 1200 l.
658 1166 726 1202 aaut
744 1159 770 1200 a.
777 1137 816 1214 ff.
830 1143 864 1199 de
882 1147 964 1202 tarai-
989 1146 1084 1216 papilla
1102 1143 1128 1200 5.
1147 1143 1182 1212 11.
1193 1141 1226 1206 tit
1244 1143 1350 1219 bellan
1392 1187 1398 1199 .
1416 1145 1448 1201 de
1465 1148 1544 1216 apetie
1562 1147 1623 1202 mai
1641 1149 1758 1202 nunciat.
1777 1146 1796 1201 l.

158 1214 297 1284 retribunt.
315 1235 422 1272 unates
438 1211 568 1282 11111154
579 1211 661 1285 ffidt
678 1213 852 1282 svesamma.
871 1217 960 1272 rustic.
991 1219 1061 1273 nait.
1080 1213 1117 1284 ff.
1130 1235 1181 1286 ,yur
1198 1212 1277 1276 babet
1294 1211 1319 1272 5.
1360 1213 1414 1271 ‚dt
1431 1217 1575 1272 remissiore.
1592 1219 1631 1272 sic
1649 1219 1679 1270 ui
1701 1209 1798 1288 elediio

158 1281 279 1356 Quodsi
306 1283 394 1354 plures
411 1285 476 1342 sotii
504 1289 647 1354 separatim
665 1287 752 1344 eidem
778 1282 863 1342 sunda
880 1287 963 1342 servi·
991 1289 1017 1344 ei
1035 1295 1190 1356 competat,
1209 1301 1299 1344 utrum
1324 1287 1481 1344 servitutem
1500 1285 1659 1354 vindicare,
1675 1301 1712 1340 an
1730 1287 1797 1340 nolti

159 1367 247 1412 tutem
264 1355 378 1412 diversis
396 1356 536 1422 imponant
554 1354 727 1426 temporibus,
735 1360 758 1414 sl
775 1355 884 1430 quidem
901 1351 963 1412 adiu
990 1360 1078 1426 operis
1096 1359 1270 1419 nuntiatione
1289 1353 1336 1425 jus
1353 1371 1430 1413 suum
1446 1359 1515 1412 tueri
1533 1351 1629 1423 malit,
1646 1370 1702 1424 arg.
1720 1354 1746 1412 d.
1765 1351 1778 1410 l
1787 1395 1797 1412 .

160 1430 231 1483 inter
249 1427 326 1479 vitos
344 1423 374 1482 id
391 1422 457 1491 hat,
476 1421 566 1480 valida
583 1427 655 1495 erit,
680 1441 716 1481 ert
733 1443 786 1497 qm
803 1426 963 1481 novissimus
992 1423 1074 1494 janu.
1094 1425 1113 1481 l.
1132 1427 1155 1480 si
1172 1421 1385 1498 11111119θῖ11
1404 1428 1490 1482 attuit.
1510 1420 1583 1480 vind.
1624 1423 1678 1480 uod
1695 1427 1719 1478 si
1738 1441 1797 1482 non

158 1511 207 1618 gro
223 1511 271 1550 sua
289 1509 362 1562 parte
379 1496 494 1551 eandem
511 1497 627 1565 cesserit,
636 1495 802 1553 cessionibus
819 1497 962 1564 superiori·
992 1501 1021 1554 in
1039 1497 1193 1552 universum
1204 1512 1281 1565 opere
1300 1512 1372 1552 novo
1388 1494 1546 1564 impeditum
1565 1493 1610 1550 red
1632 1504 1694 1550 atur
1711 1497 1795 1550 senti-

179 1583 208 1620 us
227 1565 338 1620 interim
364 1567 392 1618 in
410 1580 536 1630 stupenso
563 1561 741 1636 haerentibus,
766 1565 853 1622 donec
872 1569 962 1622 novis-
991 1565 1058 1624 tutis
1073 1567 1246 1634 exercitium,
1268 1578 1391 1622 cessante
1409 1571 1495 1634 operis
1518 1564 1584 1620 novi
1611 1562 1796 1634 nuntiatione,

159 1635 226 1690 sima
243 1630 346 1690 luerint
364 1639 486 1693 cessione
503 1630 613 1691 firmatae
631 1651 712 1704 usque
729 1635 815 1703 adeo,
832 1647 872 1704 ut,
890 1642 913 1692 si
932 1656 962 1693 u·
990 1631 1049 1694 sola
1065 1636 1202 1692 servitutis
1221 1635 1371 1692 vindicatio
1387 1635 1499 1691 domino
1516 1631 1608 1702 predii
1626 1631 1795 1691 dominantis

158 1721 209 1760 nus
225 1720 328 1772 eorum,
345 1703 392 1772 qui
404 1704 477 1772 prius
495 1715 647 1771 cesserunt,
666 1715 713 1760 aut
731 1717 852 1762 mortuus
870 1703 962 1776 fuerit,
990 1717 1071 1775 patet.
1099 1701 1162 1774 Qua
1180 1708 1285 1762 ratione
1310 1719 1390 1774 eum,
1407 1708 1453 1774 qui
1471 1709 1544 1758 viam
1561 1700 1660 1770 habet,
1685 1703 1709 1757 si
1727 1719 1793 1772 opus

157 1784 205 1828 aut
223 1782 328 1843 partem
351 1771 521 1842 alienaverit,
538 1774 765 1830 antecessionem
783 1791 799 1829 a
817 1777 962 1834 novissimo
991 1789 1091 1832 novum
1108 1776 1281 1831 nunciaverit
1299 1773 1425 1831 adversus
1443 1789 1514 1843 eum,
1532 1774 1578 1844 qui
1596 1771 1625 1828 in
1645 1774 1689 1825 vla
1708 1771 1792 1830 sedili-

159 1837 277 1914 ladam,
294 1843 411 1911 repetita
429 1840 533 1898 heredis
558 1853 605 1898 aut
622 1851 777 1900 successoris
811 1843 962 1903 articularis
989 1856 1043 1914 cat,
1063 1840 1134 1898 nihil
1151 1860 1238 1915 agere,
1255 1842 1301 1901 sei
1318 1847 1475 1900 servitutem
1500 1841 1637 1900 vindicare
1655 1857 1713 1895 non
1730 1859 1793 1910 pro·

138 1913 242 1986 „cessio
266 1911 432 1970 desideretur
477 1910 495 1966 l.
513 1907 687 1984 perfundam
711 1929 750 1968 11.
791 1913 854 1971 ‚dc
870 1919 959 1974 serait.
990 1911 1086 1982 hiberi,
1095 1909 1215 1969 lulianus
1230 1909 1327 1969 audior
1337 1923 1387 1984 est,
1404 1914 1421 1968 l.
1431 1915 1477 1984 qai
1486 1913 1567 1968 xtiata
1588 1909 1628 1974 td.
1642 1904 1674 1978 ff.
1687 1908 1719 1964 de
1737 1927 1794 1982 ape·

155 1980 232 2051 prad.
260 1983 350 2038 rustic.
369 1981 386 2036 l.
414 1950 513 2050 siff.
542 1983 568 2036 b.
592 1997 611 2036 1.
631 1977 755 2055 idemque
771 1995 828 2054 cst,
856 1983 962 2042 sitiret
990 1988 1026 2040 ris
1043 1983 1105 2038 novi
1120 1986 1239 2039 nunciat.
1265 1979 1384 2051 scilicet,
1401 1983 1465 2054 quia
1476 1999 1528 2051 per
1547 1975 1794 2050 medicationem,

156 2051 243 2122 aedat,
260 2049 330 2107 alter
347 2047 418 2122 leget
435 2051 611 2122 servitutem,
628 2048 653 2106 d.
671 2053 690 2105 l.
710 2054 757 2109 alr.
787 2051 817 2110 Si
836 2071 900 2112 vero
918 2054 960 2112 di·
990 2053 1018 2108 in
1037 2054 1123 2122 spatio
1132 2055 1180 2108 vie
1197 2051 1466 2126 assignatopoeptam,
1485 2069 1540 2108 non
1559 2052 1588 2106 in
1605 2061 1694 2106 totum
1709 2051 1793 2108 eundi

158 2125 243 2176 versis
260 2121 393 2177 sociorum
410 2120 525 2177 duorum
543 2124 713 2177 tenementis
730 2121 818 2196 hgata
837 2125 886 2188 sit,
905 2141 959 2180 non
989 2123 1084 2194 agendi
1103 2133 1218 2186 potestas
1243 2120 1367 2190 preclusa
1384 2135 1441 2194 est,
1458 2121 1523 2178 dum
1540 2135 1634 2176 omnes
1653 2115 1731 2176 fundi
1749 2133 1795 2176 to-

155 2189 236 2246 aliter
254 2187 402 2260 subsistet,
428 2191 549 2259 quamsi
566 2191 647 2246 simul
675 2193 812 2262 utriusque
829 2196 893 2250 socii
913 2193 960 2250 he·
989 2195 1043 2248 tius
1059 2187 1141 2262 glebae
1163 2196 1262 2250 servire
1280 2192 1435 2260 incipiunt,
1453 2209 1486 2247 ex
1505 2207 1558 2261 quo
1574 2189 1699 2246 dorminus
1715 2181 1795 2246 usuin

159 2259 258 2316 reditas
274 2259 405 2316 adeatur:
425 2275 481 2314 non
498 2263 580 2328 enim,
590 2261 658 2316 sicut
677 2265 837 2333 viventium,
855 2266 894 2322 ira
912 2267 959 2323 de-
989 2261 1041 2318 loti
1058 2262 1167 2335 adimit,
1176 2279 1222 2330 per
1240 2277 1321 2334 quern
1337 2261 1381 2317 via
1398 2262 1520 2331 prirmtus
1537 2259 1716 2318 determinata
1734 2255 1796 2316 fue-
1854 2267 1858 2274 '

157 2325 309 2386 funblorum
327 2327 544 2400 attussuspendi,
562 2331 806 2410 recensuissent
826 2333 844 2387 l.
864 2335 913 2391 alt.
933 2339 960 2391 in
989 2344 1040 2401 rat,
1050 2349 1106 2404 arg.
1117 2331 1135 2387 l.
1154 2348 1222 2388 ama
1243 2325 1360 2406 11111
1378 2345 1446 2388 tatas
1467 2349 1489 2386 1.
1500 2325 1539 2399 ff.
1557 2327 1693 2385 deservit.
1713 2328 1794 2454 faed.

151 2397 208 2472 fiae
219 2395 256 2522 ζ
272 2396 297 2453 i.
315 2413 335 2454 t.
346 2397 399 2456 Cui
417 2409 507 2455 tamen
527 2399 615 2454 nimiu
635 2397 751 2455 Romani
771 2403 835 2468 ruris
851 2402 958 2461 subtili·
988 2405 1079 2459 rustic.
1097 2402 1125 2460 lit
1144 2419 1188 2470 per
1206 2400 1346 2460 servientis
1373 2401 1464 2470 predii
1481 2399 1624 2456 dominum
1640 2395 1695 2456 alia
1725 2398 1793 2456 undi

156 2471 208 2524 tati
246 2467 306 2524 odie
323 2485 380 2524 nou
401 2469 503 2528 videtur
521 2468 595 2524 locus
613 2468 821 2543 relinquendus,
838 2473 883 2531 sed
902 2491 958 2530 rna·
988 2484 1062 2542 parte
1081 2472 1211 2544 assignari
1225 2483 1314 2539 potest
1333 2473 1392 2540 via,
1428 2485 1491 2526 uam
1508 2487 1564 2541 qua
1582 2467 1617 2525 ab
1635 2467 1716 2525 initio
1734 2464 1794 2526 sue-

155 2543 196 2609 gis
215 2551 263 2605 pro
279 2537 416 2594 servitutis
435 2533 563 2594 firmitate
581 2541 829 2611 pronunciandum,
848 2545 898 2601 etsi
916 2537 959 2605 'di-
988 2554 1029 2599 rat
1047 2541 1173 2600 servituti
1190 2543 1344 2610 destinata,
1362 2555 1392 2596 ut
1409 2492 1511 2598 didam
1538 2543 1582 2595 tit.
1599 2535 1701 2606 ptaettd.
1719 2531 1743 2591 ὅ,
1763 2557 1791 2593 a.

158 2611 240 2664 versis
258 2605 507 2676 tempor-ibusadite
526 2603 771 2666 fuerintsotiarum
789 2609 959 2686 hereditates,
987 2611 1014 2668 8.
1034 2613 1064 2666 ia
1082 2611 1149 2684 fiae.
1178 2606 1280 2670 Confer
1306 2613 1437 2679 Responsa
1463 2609 1555 2664 Iurisc.
1579 2607 1648 2665 Hali.
1673 2619 1741 2674 part.
1767 2625 1791 2663 r.

157 2673 200 2734 vei
217 2686 282 2733 ante
299 2677 473 2734 novissimam
500 2679 646 2735 cessionem
664 2682 782 2750 priorum
808 2682 958 2741 cedentitun
987 2681 1075 2740 cantii.
1094 2681 1154 2738 205.

145 2743 197 2814 *jus
213 2757 301 2804 morte
320 2746 361 2804 vel
379 2745 591 2826 alienationein
610 2745 679 2805 alios
697 2747 876 2818 translatum·
893 2771 957 2824 prs·
1023 2746 1065 2808 13.
1085 2749 1186 2809 Adhuc
1204 2749 1272 2807 illud
1289 2748 1488 2821 obtinet,'quod
1505 2748 1648 2805 servitutes
1656 2745 1789 2802 constitui

154 2816 267 2884 sertin,
284 2833 346 2874 cum
364 2816 426 2872 aliis
443 2833 547 2888 quoque
565 2819 629 2886 turis
656 2816 746 2874 civilis
764 2820 883 2888 partibus
900 2838 958 2893 per-
988 2831 1121 2890 nequeunt
1140 2819 1211 2876 ultra
1234 2820 1323 2886 predii
1341 2818 1508 2877 dominantis
1525 2817 1690 2883 utilitatem,
1708 2815 1791 2873 adeo-

155 2887 276 2966 missum·
294 2886 448 2943 intentatur
493 2881 681 3012 degradatum
704 2885 777 2946 adius
803 2891 837 2950 ad
856 2905 910 2949 tem
929 2913 959 2952 us
1021 2888 1133 2947 etaltis
1150 2889 1390 2974 coquende,cretae
1409 2887 1450 2946 vel
1469 2906 1553 2946 arene
1570 2883 1792 2957 101111111ιῴ1ρί-

154 2971 197 3010 sus
210 3024 217 3034 Ι
231 2955 316 3021 ndnl.
337 2928 556 3027 ututftttdittrz.
591 2953 778 3028 ,dm-tipum,
792 2980 884 3018 seruat.
945 2996 957 3007 -
1007 2960 1198 3028 iseximendi,
1217 2957 1398 3030 similiumque
1424 2959 1554 3015 servitute
1570 2973 1714 3024 contessa,
1732 2971 1791 3010 non

155 3035 197 3078 sta
209 3039 251 3078 rus
268 3025 296 3078 dr
314 3021 519 3096 Groenesvegeu
538 3047 556 3081 a
591 3025 621 3080 d.
635 3027 653 3084 l.
673 3030 721 3084 eti.
732 3025 772 3099 ff.
792 3030 815 3086 b.
834 3049 854 3087 t.
987 3027 1057 3088 ultra
1075 3030 1197 3098 effodere,
1214 3046 1315 3097 eruere,
1327 3030 1428 3088 caedere
1446 3026 1546 3100 licebit,
1564 3041 1645 3097 quam
1661 3037 1793 3093 quatenus

194 3106 236 3172 ¹⁰:
254 3087 322 3147 Vite
340 3109 435 3162 versa,
461 3111 509 3152 nec
525 3099 658 3152 sociorum
684 3116 752 3155 unus
768 3100 866 3170 prtdio
883 3119 957 3160 com·
987 3099 1023 3156 ad
1040 3097 1224 3158 edificandum
1244 3099 1273 3155 in
1293 3095 1377 3160 fundo
1402 3099 1562 3156 dominante
1580 3111 1626 3154 aut
1654 3097 1690 3154 ad
1707 3093 1792 3150 alium

152 3176 231 3218 autur
249 3165 407 3244 servitutem
424 3166 537 3232 acquirit
556 3167 610 3238 ita,
642 3180 673 3223 ut
691 3165 744 3224 sibi
762 3171 788 3228 ts
807 3177 895 3244 socio,
911 3173 957 3232 sed
986 3166 1064 3228 fundi
1082 3175 1161 3240 ipsius
1179 3185 1257 3226 usum
1274 3184 1340 3235 opus
1356 3181 1406 3240 est,
1424 3169 1443 3224 l.
1462 3187 1518 3242 erga
1535 3166 1560 3238 5.
1578 3159 1605 3241 §.
1629 3185 1650 3222 1.
1671 3167 1688 3221 l.
1703 3165 1733 3222 6·
1750 3181 1790 3232 ps.

151 3240 262 3288 tantam
278 3229 370 3287 utsrbi
388 3235 481 3305 prosit,
492 3233 508 3288 l.
519 3237 543 3290 si
561 3256 629 3293 itaet
652 3249 691 3307 19.
702 3233 741 3308 ff
750 3237 783 3294 aa
800 3260 866 3297 tera.
879 3241 955 3310 prad.
986 3237 1018 3300 &l
1035 3237 1071 3308 15.
1095 3254 1116 3295 1.
1131 3236 1165 3310 ff.
1184 3239 1216 3293 de
1233 3240 1320 3295 serait.
1335 3237 1411 3306 prad.
1430 3243 1518 3296 αααπὶα.
1539 3234 1575 3292 Et
1593 3254 1665 3309 aque
1681 3231 1791 3293 dudum

153 3301 256 3384 rates.
273 3305 404 3370 propriam
430 3303 454 3359 5.
465 3301 505 3375 ff
521 3303 546 3361 b.
565 3323 586 3363 r.
605 3325 655 3364 nec
672 3305 839 3382 hubluario,
857 3312 875 3367 l.
893 3313 956 3384 aad,
987 3307 1098 3381 habens,
1116 3310 1180 3366 inde
1196 3323 1285 3366 rursus
1293 3323 1390 3380 aquam
1408 3307 1484 3365 alteri
1495 3308 1597 3375 nequit¹
1607 3305 1706 3376 praedio
1723 3321 1791 3360 con-

152 3368 256 3441 siquid
273 3369 312 3425 ¹5·
336 3369 373 3440 ti.
391 3372 441 3430 alr.
467 3369 499 3442 ᾖ
515 3373 546 3430 de
573 3372 657 3448 arasa.
676 3375 710 3442 (5
732 3379 882 3450 qatetnadm.
900 3385 956 3452 qais
984 3379 1094 3450 tedere,
1122 3380 1173 3435 nisi
1191 3379 1220 3435 id
1238 3380 1401 3438 nominatim
1417 3374 1495 3447 pablo
1512 3388 1606 3445 prater
1622 3376 1791 3433 ordinariam

150 3456 220 3524 atat·
241 3436 312 3512 Sed,
339 3459 401 3500 tum
421 3440 551 3503 hodierno
579 3443 715 3516 jurenon·
738 3467 788 3520 pro
804 3461 956 3508 astantum
984 3449 1143 3508 serviturum
1161 3461 1286 3507 naturam
1304 3447 1392 3508 atium
1408 3453 1461 3517 sit,
1484 3445 1502 3500 l.
1521 3455 1680 3501 cumessam
1698 3439 1741 3498 53.
1760 3435 1789 3512 ᾗ.

150 3509 328 3584 (1011111011θᾶ
345 3515 372 3572 ir
390 3531 438 3583 pro
451 3513 506 3570 alio
524 3512 613 3573 valide
630 3517 783 3588 stipuletur,
793 3537 956 3590 consequens
988 3535 1011 3574 r.
1022 3516 1060 3588 ff.
1076 3516 1107 3573 de
1125 3519 1212 3574 stavit.
1229 3516 1302 3584 praa.
1321 3521 1409 3576 rtastic.
1429 3517 1446 3572 l.
1465 3513 1554 3572 Labeo
1571 3509 1645 3638 api.
1665 3511 1697 3567 aa
1714 3517 1790 3580 siais,

152 3593 201 3650 ast,
219 3580 247 3638 lit
264 3587 365 3636 socium
383 3585 535 3656 cmnmuni,
553 3587 582 3644 tit
599 3599 756 3645 extraneum
774 3588 863 3646 alieno
880 3609 955 3660 posse
984 3605 1035 3645 nec
1051 3591 1085 3648 ad
1103 3586 1187 3644 alium
1205 3585 1320 3646 fundum
1343 3591 1476 3657 proprium
1494 3597 1587 3652 postea
1617 3583 1789 3661 ortenacnui-

152 3649 252 3718 predio
268 3653 425 3710 servitutem
443 3655 563 3728 adipisci,
574 3667 642 3713 teste
658 3653 860 3730 Groenesaegio
877 3661 911 3718 ad
929 3661 954 3718 d.
985 3662 1067 3714 situm
1083 3657 1198 3727 ducere,
1216 3658 1290 3727 imo,
1320 3675 1355 3713 ne
1371 3655 1407 3713 ad
1435 3653 1519 3710 aliam
1536 3652 1644 3723 quidem
1669 3651 1787 3718 trustem

152 3718 171 3772 l.
193 3729 233 3800 19.
251 3715 334 3779 Plane
342 3723 425 3780 etiam
442 3721 564 3782 heredem
573 3727 611 3782 rei
628 3723 678 3782 sub
686 3727 844 3785 conditione
862 3727 954 3804 legate
984 3724 1061 3786 fiendi
1079 3741 1191 3798 partem,
1208 3743 1288 3796 quam
1310 3727 1344 3785 ad
1362 3741 1442 3796 quarn
1458 3723 1573 3782 servitus
1590 3719 1625 3776 ab
1643 3723 1725 3779 initio
1741 3739 1789 3779 ac-

152 3799 309 3848 servatutem
334 3793 372 3850 sic
389 3796 527 3863 acquirere
553 3799 669 3865 potu'use
685 3794 802 3868 placuit,
820 3810 869 3868 ut,
885 3800 954 3858 earis-
982 3796 1082 3870 quisita
1101 3795 1168 3867 fuit,
1196 3795 1213 3850 t
1231 3817 1262 3851 ex
1280 3815 1337 3852 tneo
1354 3815 1372 3850 a
1388 3793 1508 3852 athalia
1536 3791 1576 3859 ad.
1592 3787 1626 3860 ff
1648 3789 1681 3844 dt
1699 3795 1789 3849 sarain

151 3865 227 3914 teate
244 3855 564 3936 iegaticouditione,una
582 3881 643 3921 cum
659 3885 688 3925 re
706 3866 796 3940 legata
814 3867 869 3936 ipsa
887 3887 953 3950 quo
981 3866 1057 3938 paaed.
1076 3871 1164 3924 rustic.
1183 3867 1252 3936 quod
1270 3867 1297 3924 dr
1315 3864 1351 3921 ab
1369 3816 1452 3934 hupp.
1470 3859 1615 3988 'sifaihtari
1636 3873 1701 3930 puto
1720 3867 1748 3917 in
1766 3863 1786 3918 l.

151 3931 203 3994 true
218 3931 333 3988 servitiu
348 3934 477 4002 acquisita
496 3933 658 4006 legatarium
673 3950 816 4009 sequatur,
833 3943 883 3995 etsi
901 3955 955 4008 um
988 3953 1027 3996 ra.
1046 3938 1074 3993 C,
1092 3935 1124 3992 dt
1143 3940 1230 3994 serait.
1248 3933 1281 3997 tt
1299 3936 1454 4008 aquarium
1471 3933 1491 3988 il
1505 3935 1528 3988 ic
1546 3950 1597 3986 »aaa
1615 3927 1707 3985 madae
1724 3947 1788 3999 psa-

151 3999 277 4066 luminat)
292 4003 428 4059 servitutis
437 4007 571 4077 acquisitas
589 4008 877 4066 momentodominum
895 4029 954 4080 spe-
983 4007 1102 4077 diarum,
1120 4005 1168 4062 sed
1182 4010 1293 4064 saevitas
1310 4022 1384 4090 aqua
1401 4001 1522 4062 ducenda
1539 4005 1683 4057 tramittam
1693 3996 1788 4074 fatere

152 4077 258 4124 raretur
275 4068 311 4125 ab
329 4069 426 4130 herede
435 4091 615 4150 ,recessurum
632 4077 650 4133 l.
668 4081 710 4150 ia,
727 4081 772 4136 cai
788 4083 835 4137 via
857 4096 897 4136 rr.
915 4079 953 4150 ff.
981 4077 1100 4144 dicitur3
1111 4077 1220 4146 perinde
1236 4075 1310 4133 enim
1329 4072 1562 4143 rdaccipIendum,
1579 4087 1611 4127 at
1628 4073 1787 4140 rescriptum

154 4151 177 4190 1.
188 4133 225 4206 ff.
244 4141 368 4208 quemad.
386 4149 561 4208 stauumitt.
777 4191 782 4198 .
983 4144 1094 4218 luisset,
1112 4160 1168 4202 nou
1187 4161 1236 4216 pro
1253 4144 1441 4216 magnitudine
1465 4140 1542 4200 fundi
1559 4157 1612 4213 qua
1631 4139 1684 4201 late
1702 4155 1788 4214 patet,

190 4220 230 4261 11.
248 4206 459 4284 superficiarios,
475 4214 672 4289 emphyteutas,
690 4217 805 4276 vasallus
822 4220 893 4290 nuod
910 4232 954 4275 at·
982 4219 1009 4277 81
1029 4217 1064 4274 ad
1082 4233 1174 4272 omnes
1199 4209 1256 4284 eius
1272 4227 1358 4283 partes
1374 4229 1478 4282 semper
1502 4227 1598 4280 aquam
1614 4210 1676 4268 duci
1694 4229 1787 4281 posse,
1813 4223 1820 4237 ¹

149 4276 229 4348 tinet,
245 4281 401 4342 servitutem
417 4289 551 4354 imponere
570 4285 699 4346 haustus
716 4301 834 4360 possunt,
846 4299 875 4345 ut
892 4287 954 4360 sibi,
982 4287 1030 4346 sed
1049 4285 1192 4345 videndum
1209 4301 1339 4355 esse,nuo
1354 4301 1436 4355 usque
1453 4285 1480 4342 at
1499 4281 1534 4340 ad
1550 4277 1704 4354 quassandi
1723 4299 1784 4351 par·

149 4361 206 4430 non
223 4362 254 4404 ut
271 4349 384 4410 dnnrno
400 4354 505 4414 dir-eblo
524 4369 648 4426 noceant,
665 4360 693 4416 dt
710 4359 826 4415 durante
844 4359 952 4430 quidem
983 4370 1023 4414 tes
1039 4373 1111 4426 aque
1137 4353 1262 4413 ducendae
1279 4357 1393 4410 servitus
1417 4357 1562 4410 corutltuta
1580 4353 1627 4421 sit,
1653 4367 1684 4406 ac
1703 4351 1786 4420 inde,

148 4414 224 4478 tittlls
245 4418 360 4478 dominii
387 4418 446 4488 jure
463 4427 605 4494 servitutes
627 4429 667 4484 ita
695 4426 831 4494 impositas
858 4441 954 4496 prator
983 4443 1037 4483 non
1057 4442 1120 4481 vero
1138 4423 1171 4480 es'
1189 4424 1253 4491 ipsis
1269 4425 1329 4495 agri
1348 4420 1460 4495 finibus,
1483 4421 1658 4480 determinari
1675 4434 1785 4490 oporte·

148 4495 272 4562 matur,
289 4509 331 4551 res
348 4504 438 4552 aurern
457 4493 540 4553 libera
568 4497 602 4554 ad
619 4497 760 4553 dominum
778 4500 889 4572 redeat,
907 4496 953 4553 ubi
982 4515 1029 4566 te,
1046 4495 1105 4580 quis
1122 4488 1287 4564 aquaeduiius
1313 4494 1430 4551 concessi
1456 4495 1587 4550 terminus
1613 4495 1642 4550 lit
1660 4487 1722 4570 linis
1740 4493 1784 4545 sit.

148 4552 283 4628 legitimas
307 4565 431 4622 extiterit
459 4563 660 4638 emphyteusios
685 4577 735 4624 aut
762 4561 836 4624 feudi
862 4567 952 4625 1111111-
985 4563 1034 4621 His
1049 4565 1164 4623 interim
1180 4564 1333 4634 gravissime
1351 4559 1443 4620 Labeo
1460 4562 1617 4620 adversatur
1636 4563 1663 4615 in
1682 4559 1700 4613 l.
1715 4574 1737 4614 1.
1757 4552 1784 4632 β.

147 4630 248 4696 fluendi
266 4633 371 4706 modus,
389 4634 406 4690 l.
431 4653 452 4692 1.
470 4635 508 4706 ,θ’
526 4635 576 4692 ult.
588 4631 626 4707 ff.
644 4634 678 4691 de
694 4633 889 4710 rupttficiebar,
907 4635 951 4692 tib.
982 4634 1052 4692 illud
1065 4633 1157 4690 Labeo
1177 4632 1217 4691 16.
1233 4629 1267 4704 ff.
1285 4631 1317 4688 dt
1335 4651 1408 4704 aqua
1425 4648 1493 4704 quat.
1513 4631 1546 4694 Θ
1563 4646 1616 4686 att.
1634 4628 1683 4684 ubi
1701 4631 1788 4684 inter·

146 4709 174 4778 ²:
184 4693 263 4781 stud.
281 4717 301 4760 t.
326 4701 353 4761 8.
372 4721 450 4764 versu
477 4712 533 4764 tei.
552 4703 613 4764 Nec
630 4705 738 4774 obstat,
754 4707 825 4779 quad
842 4705 951 4779 111111111-
979 4705 1081 4764 dibium
1098 4705 1132 4762 de
1150 4719 1219 4775 aqua
1247 4715 1301 4760 uot.
1318 4705 1350 4762 tir
1366 4703 1455 4760 estiva
1474 4700 1570 4760 tribuit
1586 4701 1621 4769 ei,
1633 4699 1709 4768 quia
1732 4717 1787 4754 us-

145 4774 227 4842 tratri,
248 4768 388 4838 sruSluarii
406 4777 548 4850 dissuatur,
574 4778 603 4839 it
620 4775 769 4849 stperhcies
795 4783 916 4850 11111111,
933 4777 951 4834 l.
979 4773 1090 4836 dudum
1106 4723 1248 4834 habentad
1265 4789 1343 4832 suum
1360 4769 1581 4846 fundum,postea
1598 4771 1681 4829 uiam
1738 4770 1786 4827 ruli
