4026 5360
273 173 321 246 ἰα
441 179 449 186 ·
700 142 702 146 ’
910 181 982 248 tro.
1009 182 1046 247 v.
1072 181 1133 246 ro.
1159 181 1187 246 r.

226 261 310 328 hodie
328 281 420 328 tamen
441 285 542 330 utores
566 286 617 341 pro
646 288 676 331 se
702 268 734 332 in
761 269 860 346 judicio
886 286 958 334 aare
985 291 1042 331 non
1071 289 1104 332 ac
1122 276 1235 333 nomine
1251 267 1309 344 eins
1326 269 1470 332 inserere
1487 271 1590 344 possit,
1608 287 1656 334 aut
1677 279 1816 348 excipere:
1843 297 1887 339 ra-

42 400 48 431 r
91 361 181 416 a„
228 335 450 412 posse,'sed·pr0
468 341 510 400 bis
538 343 668 417 maritos,
691 361 708 402 a
735 343 832 414 quibus
860 361 905 402 eas
932 343 1044 405 defendi
1073 355 1183 417 tumque
1200 340 1323 404 fitutmm
1339 347 1395 417 sit,
1412 360 1444 400 ac
1462 362 1518 400 non
1547 347 1630 404 modo
1653 341 1838 422 profuturum,
1867 354 1903 418 ei,

226 428 331 482 aequum
347 411 502 471 iustissimo
521 415 627 486 vuum,
645 416 739 484 praxis
757 418 917 490 quotidiana
935 417 1045 476 abunde
1076 415 1163 476 vidior
1180 419 1319 489 evaserit,
1333 415 1424 476 sed‘&
1444 417 1599 474 nociturum
1617 422 1696 476 tutori
1723 419 1890 498 releuaret,

226 480 312 540 dietat
322 523 331 554 ,
348 485 407 540 sive
425 485 495 543 aeiio
512 487 695 560 intentanda,
712 493 770 546 sive
787 506 835 556 per
850 486 919 546 alios
945 499 1045 559 mota,
1074 490 1099 546 si
1115 487 1249 546 calculum
1265 489 1428 548 deteriorem
1443 501 1461 542 a
1479 489 1580 546 marito
1601 489 1730 564 litigante
1755 498 1890 562 reportari

228 557 328 611 uxorio
345 557 456 618 noeane
474 557 631 626 excipienda
649 561 684 615 sit
694 601 703 632 ,
721 561 778 618 sive
796 561 895 632 agendi
907 559 946 630 jus
955 571 1046 618 stante
1074 563 1237 632 contingat,
1255 579 1306 618 nec
1332 562 1433 617 iterato
1456 569 1516 627 poet
1542 559 1661 640 solutum
1684 566 1890 624 matrimonium

230 625 340 690 tionum
358 629 534 686 matrimonio
551 640 701 698 competere
718 632 843 701 coeperit,
860 633 918 690 sive
942 632 1046 702 nuptiis
1075 631 1169 690 eadem
1185 631 1220 690 de
1239 632 1340 701 vidua,
1366 627 1517 688 heredesve
1543 649 1599 702 eius
1622 635 1724 701 possint
1750 633 1889 710 litigatum

228 699 362 754 vetustius
378 715 395 752 a
414 697 545 771 muliere,
563 712 611 762 aut
628 699 657 756 l'n
676 701 817 760 mulierem
832 705 984 762 etiamnum
1002 709 1047 760 ln·
1076 705 1136 776 ire,
1154 699 1341 762 Rodenburch
1359 699 1461 772 dejure
1470 702 1611 778 conjugum
1619 706 1663 760 tit.
1671 701 1697 759 3.
1706 721 1762 775 sap.
1780 723 1802 762 r.
1813 726 1888 766 nunu

228 783 350 834 nuptam
360 772 476 836 potuerit
493 773 628 842 exerceri,
646 770 825 832 Christinzus
841 777 877 834 ad
903 775 952 847 leg.
980 775 1046 830 Ms·
1074 790 1129 833 ar:
1138 771 1222 847 Quod
1238 775 1267 832 dr
1285 771 1352 829 alibi
1379 783 1516 842 receptum
1540 793 1598 834 esse
1633 786 1748 834 testatur
1770 776 1888 836 Clrassa·

230 837 367 896 cblr'srisrrs.
395 843 438 902 tr't.
484 881 491 894 ·
517 841 560 900 tt't.
592 860 615 899 ι.
644 840 785 904 [lambert
805 843 890 904 Goris
908 842 1044 903 advorsos.
1076 864 1148 903 nous
1164 844 1205 900 ad
1219 861 1334 903 consuet.
1353 843 1487 916 liutgard:
1504 841 1575 901 rubr.
1593 841 1620 914 4.
1638 837 1665 920 §.
1682 845 1710 903 5.
1724 848 1753 902 irs
1764 861 1889 916 mnam.

229 911 312 968 stari.
337 927 358 966 ι.
377 925 434 980 rap.
450 853 483 981 iq
495 930 571 970 nam.
589 913 616 971 5.
634 913 662 974 6.
681 913 917 976 Ant-Mattheus
934 917 966 972 sie
994 937 1045 976 aas·
1075 913 1119 975 56.
1137 917 1181 973 orl
1196 911 1241 984 37.
1259 920 1287 975 dr
1303 915 1341 972 ad
1358 917 1452 985 verba,
1468 918 1498 972 r'sr
1508 913 1620 988 juribus
1635 931 1744 985 possess.
1760 916 1889 991 nam.57.

155 1027 164 1042 .
230 980 309 1037 iiior.
327 978 373 1036 lib.
397 1001 420 1039 r.
438 995 493 1049 car.
512 982 538 1042 5.
556 1005 632 1042 stum.
650 984 678 1044 6.
697 987 780 1060 (vide
806 1000 900 1044 tamen
928 990 963 1048 de
990 984 1046 1060 jure
1075 985 1253 1062 Tyraquellus
1268 985 1302 1042 dr
1319 987 1427 1044 sstrali.
1450 985 1563 1063 gentilis.
1585 979 1615 1065 55
1645 1005 1686 1044 ro.
1710 1007 1790 1060 grass.
1817 995 1890 1051 assic.
1974 1013 1979 1022 s

222 1047 369 1112 *Saronico
387 1053 567 1124 Carprovium
585 1053 638 1130 defi
647 1053 703 1130 fos.
721 1072 793 1128 pass.
817 1057 1043 1115 r-csnst.1.dss.
1074 1071 1158 1116 num:
1173 1075 1215 1114 rr.
1234 1076 1286 1115 nec
1303 1075 1319 1113 a
1338 1053 1457 1114 Romani
1477 1057 1540 1122 iuris
1558 1060 1668 1114 ratione
1685 1057 1804 1116 alienum
1829 1075 1890 1129 osta

228 1117 275 1180 31.
293 1118 359 1195 32.)
376 1125 445 1190 adeo
463 1137 492 1184 ut
508 1131 644 1186 sententia
667 1129 794 1187 adversus
821 1127 961 1188 mulierem
985 1131 1045 1188 sine
1073 1147 1145 1202 quo,
1161 1145 1224 1203 cum
1241 1129 1365 1197 nuspiam
1382 1129 1482 1183 nunori
1499 1126 1604 1184 tributa
1621 1133 1777 1186 inveniatur
1802 1128 1897 1191 facul-¹

227 1195 349 1265 marito,
367 1206 496 1268 perpetuo
514 1209 604 1256 tutore
620 1217 684 1266 suo,
703 1198 859 1271 litigantem
877 1200 955 1273 lata,
984 1199 1044 1262 nul·
1075 1213 1116 1255 tas
1134 1197 1299 1271 obloquendi
1316 1199 1525 1271 succurristi,
1542 1197 1621 1256 litem
1637 1205 1774 1258 curatorio
1799 1205 1892 1262 nomi·

227 1261 283 1324 iius
301 1263 381 1334 plane
398 1269 530 1325 momenti
548 1267 639 1328 futura
657 1274 692 1328 sit
702 1313 711 1344 ,
729 1271 840 1340 perinde
857 1287 890 1328 ac
907 1274 931 1330 si
947 1271 1044 1329 adver·
1074 1289 1110 1328 ne
1127 1287 1235 1328 movere
1252 1270 1437 1340 desideranti,
1453 1268 1538 1325 etiam
1555 1287 1628 1328 nunc
1645 1285 1764 1341 potestas
1779 1275 1891 1336 ea'rier-

191 1369 196 1382 ·
227 1351 272 1394 sus
291 1336 424 1400 minorem
442 1335 615 1398 indefensum
632 1339 687 1398 leta
705 1354 791 1412 esset,
809 1359 866 1415 arg.
886 1343 904 1398 l.
931 1362 995 1401 cum
1018 1357 1045 1398 ss
1074 1339 1154 1413 lieri,
1184 1343 1213 1398 in
1231 1342 1370 1396 minorum
1394 1341 1520 1400 ordinem
1546 1360 1592 1410 per
1620 1345 1730 1411 nuptias
1756 1342 1890 1421 reisue,

203 1450 207 1456 .
230 1407 347 1462 srsinml
363 1406 390 1475 4.
410 1408 439 1464 C.
457 1411 484 1465 si
506 1407 610 1468 advers.
638 1432 695 1468 sem
714 1410 836 1484 judicat.
864 1411 1041 1472 Christinaus
1072 1416 1101 1469 dr
1119 1415 1218 1468 marito
1236 1410 1310 1466 velut
1328 1413 1414 1466 tutori
1431 1428 1481 1468 suo
1497 1410 1642 1484 obnoxie,
1659 1415 1804 1472 menda
1828 1433 1888 1476 non

227 1476 280 1536 ool.
300 1493 325 1532 2.
343 1476 398 1538 dec.
421 1474 479 1536 155.
498 1499 574 1540 nura
593 1479 620 1552 4.
645 1481 788 1540 Groenevr
821 1503 854 1540 en
882 1480 924 1538 ad
945 1482 1043 1543 rubris.
1073 1482 1189 1539 videtur.
1210 1480 1254 1540 Ne
1270 1481 1380 1552 dicam,
1397 1481 1436 1538 sic
1454 1484 1527 1536 viam
1545 1496 1666 1553 apertam
1684 1480 1750 1555 lore,
1763 1503 1821 1558 ,qua
1836 1487 1888 1546 la-

227 1547 287 1612 ced.
306 1550 351 1622 qui
367 1549 437 1624 legis.
455 1565 554 1620 person.
578 1553 667 1610 stand.
695 1555 723 1612 iss
743 1553 782 1626 ju
801 1558 834 1610 is.
859 1551 1043 1614 Rodenburcb
1072 1555 1176 1608 sionem
1194 1550 1267 1609 haud
1285 1549 1373 1608 levem
1399 1571 1466 1621 sape
1491 1551 1593 1611 subiret
1615 1555 1710 1614 uxoria
1737 1573 1796 1625 res,
1822 1559 1888 1618 dum

226 1619 260 1678 de
273 1621 340 1694 jure
359 1622 460 1698 conjug.
479 1622 522 1678 ris.
540 1617 567 1679 3.
585 1639 640 1695 cap.
663 1643 687 1681 r.
713 1643 788 1682 num.
823 1645 846 1682 r.
872 1645 921 1684 nec
948 1643 1043 1684 ermu-
1073 1620 1390 1705 blanditiis,precibur,
1409 1623 1668 1706 &lacrymaveris
1695 1622 1797 1686 iidiisve
1822 1646 1888 1688 eso·

227 1689 298 1750 tioni
315 1691 378 1752 dari
395 1699 496 1765 possit,
514 1711 570 1751 non
589 1708 713 1766 tantum,
727 1699 911 1754 matrimonio
938 1698 1042 1755 duran-
1073 1707 1149 1750 ratus
1167 1695 1195 1748 in
1215 1693 1446 1764 misericordiam,
1462 1707 1548 1750 ettam
1565 1695 1801 1772 intempestivam,
1824 1717 1889 1772 pro-

226 1772 275 1831 te,
292 1763 339 1824 sed
357 1781 406 1819 nec
424 1762 513 1820 soluto
531 1783 582 1838 eo,
600 1767 629 1823 in
649 1766 799 1839 mulierem,
817 1781 865 1824 out
884 1765 1041 1836 bonae'us;
1073 1765 1135 1819 nior
1151 1760 1290 1820 muliebris
1307 1767 1431 1834 animus,
1449 1763 1643 1836 intercederet,
1662 1785 1697 1822 ne
1712 1770 1890 1844 proaemio

225 1835 252 1888 sl
268 1833 350 1892 modo
368 1831 423 1892 illis
440 1835 468 1891 in
489 1833 555 1892 locis
577 1835 673 1893 mulier
700 1855 762 1896 cum
788 1840 848 1894 viro
873 1785 1043 1896 domiciiium
1073 1833 1219 1906 invigilans
1236 1833 1384 1891 commodis
1401 1835 1504 1892 uxoriis
1521 1835 1644 1906 maritus,
1663 1835 1734 1908 lites,
1753 1857 1808 1898 non
1827 1843 1888 1898 sine

225 1897 318 1959 invest
336 1921 369 1959 ac
387 1903 554 1978 litigaverit,
572 1914 600 1965 in
619 1905 714 1977 quibus
741 1927 790 1964 nec
813 1925 848 1966 ex
875 1906 1041 1978 contram,
1071 1905 1213 1972 dispendio
1230 1901 1410 1974 dimissus,
1427 1919 1556 1964 moveret.
1586 1903 1623 1961 tt
1651 1904 1715 1964 licet
1743 1907 1887 1984 Ultrajeeii

159 2015 168 2031 ·
225 1971 286 2035 sine
303 1973 359 2034 viri
379 1975 541 2053 audierimte
567 1977 704 2039 celebrato
732 1990 837 2050 posset,
865 1984 1042 2036 matrimonio
1072 1973 1224 2030 immobilia
1251 1977 1343 2031 ureris
1362 1972 1433 2054 bona
1450 1976 1509 2032 sine
1536 1993 1668 2036 consensu
1684 1974 1741 2042 eius
1766 1978 1887 2042 alienare

194 2053 196 2058 '
225 2042 335 2117 soluto,
353 2046 520 2119 inquietari,
539 2048 622 2106 veluti
641 2051 670 2105 in
691 2045 855 2118 lelandia.
875 2046 951 2106 Nam
960 2051 982 2105 si
992 2048 1041 2104 illo
1071 2063 1105 2102 ne
1124 2056 1187 2102 ueat
1215 2047 1350 2116 maritus,
1375 2043 1450 2115 proh
1475 2053 1613 2104 communi
1640 2045 1888 2126 necdumbeeuu,

221 2115 257 2179 io
275 2113 337 2171 loco
353 2117 482 2190 degerent
500 2117 640 2192 conjuges,
658 2120 783 2189 litemque
799 2118 870 2175 clam
890 2120 950 2174 viro
973 2137 1041 2177 uxor
1071 2134 1088 2171 n
1163 2128 1254 2172 tamen
1272 2117 1335 2174 inde
1352 2097 1475 2190 legirini
1500 2117 1608 2190 sequela
1633 2119 1795 2196 deduxero,
1822 2140 1886 2181 etan
1960 2150 1962 2158 ·

223 2185 414 2257 mstinuisset,
434 2186 530 2246 ubi-ex
548 2189 690 2249 contraditi
715 2192 774 2249 sine
799 2191 851 2246 viri
878 2187 1041 2248 seueritate
1070 2204 1134 2257 ergo
1153 2205 1210 2242 non
1226 2191 1279 2243 nisi
1297 2205 1330 2244 ex
1347 2187 1466 2248 mulieris
1484 2189 1625 2248 voluntate
1640 2190 1676 2250 de
1692 2192 1787 2249 iisdem
1809 2211 1887 2264 posse

223 2253 365 2313 celebrato
382 2257 495 2326 viduas,
513 2263 565 2314 aut'
579 2259 694 2319 heredes
710 2278 803 2318 earum
826 2259 916 2318 soluto
943 2263 1039 2316 matri·
1070 2257 1192 2329 litigare3
1210 2275 1271 2315 cum
1298 2260 1337 2316 uti
1356 2276 1389 2316 ue
1414 2256 1589 2318 manifestum
1615 2263 1669 2334 sit,
1694 2265 1886 2326 conservando

222 2329 321 2384 monio
346 2331 488 2384 conveniri
517 2349 609 2402 posse,
637 2331 680 2389 lex
707 2331 878 2398 municipalis
905 2331 1039 2398 indulsit3
1070 2332 1160 2398 potius
1176 2333 1202 2387 dr
1222 2279 1371 2388 retinendas
1388 2331 1428 2387 rei
1444 2349 1534 2403 causa,
1551 2349 1632 2400 quam
1649 2333 1787 2393 alienandi
1804 2352 1885 2394 meo·

223 2408 257 2456 ut
274 2411 359 2469 puta,
377 2394 691 2468 lllrraieti151ati0nem
710 2420 764 2459 non
785 2403 864 2459 video
876 2420 954 2479 „cur
982 2421 1039 2460 non
1070 2413 1115 2470 te,
1133 2400 1167 2456 ad
1186 2396 1304 2469 judicem
1321 2401 1364 2458 iri.
1383 2398 1443 2460 Noc
1460 2414 1517 2475 est,
1535 2404 1606 2470 quod
1623 2408 1684 2476 quis
1701 2401 1885 2466 hicamarito

222 2465 360 2528 etiam'ex
377 2487 456 2527 causa
475 2469 587 2538 judicati
602 2476 659 2544 ipsa
677 2473 721 2530 vel
739 2471 854 2532 heredes
871 2485 949 2544 eius,
967 2491 1037 2543 nup-
1068 2468 1396 2540 contra.prohibitionem
1413 2475 1505 2530 uxoris
1523 2475 1552 2527 in
1572 2473 1621 2533 lite
1637 2475 1808 2538 subsistente.
1822 2477 1884 2536 eol-

222 2537 271 2598 tiis
287 2537 431 2613 diremtis,
449 2544 638 2602 executionem
665 2545 775 2603 deberet
804 2540 912 2600 subire:
937 2546 1039 2602 etenim
1068 2539 1201 2598 lusionem
1219 2543 1515 2612 praevaricationemque
1533 2540 1590 2614 jure
1606 2547 1715 2618 timeri,
1739 2561 1820 2620 atque
1843 2551 1884 2608 ita

222 2607 256 2666 in
274 2604 381 2678 judiciis
398 2629 502 2683 quoque
520 2619 595 2686 quasi
612 2614 757 2741 contrahis
785 2613 834 2670 lite
860 2625 1036 2687 contestata,
1069 2629 1158 2668 rerum
1185 2613 1341 2670 storiarum
1364 2615 1570 2683 dissipationem
1595 2605 1730 2675 dolosam’
1743 2620 1886 2680 imminere

755 2698 783 2740 at

169 2743 181 2750 ,
222 2681 253 2739 dr
270 2684 405 2744 sententia
423 2683 743 2757 subsecuta,sicutstipu
786 2683 1037 2752 ionecontrahitur,
1069 2697 1227 2752 prasumat:
1245 2699 1308 2740 cum
1326 2701 1380 2742 non
1399 2685 1481 2743 modo
1498 2684 1586 2743 bonus
1602 2689 1711 2760 quisque
1737 2690 1769 2747 in
1796 2690 1886 2750 dubio

153 2773 157 2781 ¹
222 2749 389 2810 tralaticium
406 2766 448 2811 est
465 2771 498 2811 ex
517 2755 534 2810 l.
554 2759 614 2814 licet
633 2753 658 2812 3.
677 2757 716 2826 ff.
736 2755 807 2814 idem
826 2753 916 2812 scribit
940 2773 981 2812 rr.
1002 2753 1037 2828 οἳ
1067 2755 1215 2813 credendus
1231 2755 1284 2825 sir,
1297 2753 1387 2814 dorrec
1412 2758 1581 2814 contrarium
1609 2757 1733 2826 probetur
1750 2779 1759 2828 i
1781 2762 1828 2820 aed
1853 2765 1883 2822 dt

223 2820 256 2882 dr
272 2823 392 2908 prolia,
408 2842 440 2881 ac
457 2823 631 2893 manifestum
650 2832 767 2900 insuper,
785 2825 837 2884 hac
855 2827 962 2884 ratione
981 2845 1037 2888 non
1068 2825 1125 2894 ipsa
1152 2824 1249 2884 mulier
1268 2865 1277 2897 ,
1305 2827 1328 2882 si
1354 2827 1564 2887 indemnitatem
1588 2847 1747 2900 quacunque
1773 2834 1884 2892 ratione

221 2894 310 2964 magis
328 2909 360 2952 ex
380 2897 513 2969 radicato,
551 2915 612 2955 uam
628 2895 1036 2972 excontrsbiuladimaritum,
1067 2909 1173 2964 propter
1191 2899 1242 2953 ista
1261 2911 1410 2968 nequeata
1438 2899 1674 2974 maritoertigere,
1691 2899 1813 2972 sibiipsi
1829 2908 1880 2958 im-

223 2970 386 3024 executione
403 2967 513 3024 demum
531 2917 602 3028 istis
620 2989 654 3027 err
671 2990 725 3042 quo
743 2971 823 3028 desiit
842 2973 954 3026 maritus
966 2989 1034 3029 esse.
1067 2979 1161 3034 putare
1187 2965 1305 3038 debeat,
1329 2967 1401 3039 qnod
1418 2971 1519 3038 sponte
1543 2989 1599 3029 sese
1626 2989 1723 3045 suaque
1751 2975 1802 3030 viri
1820 2973 1883 3032 talis

130 3104 134 3110 ,
220 3031 284 3094 Nec
302 3051 345 3091 me
361 3052 491 3106 movent,
509 3055 565 3108 quas
591 3059 606 3096 a
639 3039 835 3114 Rodenburgio
858 3038 1035 3098 dissentiente
1065 3036 1157 3095 tutela
1174 3037 1316 3096 submisit.
1345 3037 1480 3098 Dissentit
1497 3040 1659 3102 Charondae
1676 3065 1723 3102 sur
1739 3044 1885 3102 hamtu-
1915 3098 1918 3103 .

220 3107 253 3162 in
270 3105 388 3164 medium
405 3108 535 3183 addubia,
553 3111 633 3167 rsali.
651 3110 683 3168 ds
695 3113 851 3186 jursrorn'u
869 3106 965 3168 .tir.5.
979 3127 1034 3180 cop
1066 3129 1109 3164 me
1126 3107 1158 3164 de
1180 3111 1255 3164 laris
1272 3113 1352 3166 artic.
1371 3105 1432 3166 253.
1452 3109 1540 3180 Usque
1557 3113 1627 3171 adeo
1651 3127 1742 3173 autem
1769 3113 1824 3174 hae
1846 3115 1882 3172 de

222 3193 249 3234 1.
269 3195 343 3231 num,
367 3195 389 3234 1.
408 3195 425 3233 a
443 3178 584 3240 contraditi
601 3188 675 3240 enim
692 3185 798 3254 proprie
815 3130 889 3241 ariis
905 3181 941 3238 ad
966 3178 1034 3252 jndi-
1066 3195 1150 3237 tutore
1168 3179 1297 3256 adlitem
1315 3198 1373 3238 non
1390 3181 1578 3257 admittenda,
1595 3184 1683 3257 deque
1697 3183 1885 3252 maritovelua

220 3247 266 3302 cia
285 3245 388 3305 firmam
405 3256 669 3321 argumentationem
689 3255 717 3308 in
734 3252 860 3312 omnibus
877 3269 934 3309 non
950 3271 1035 3326 usse,
1066 3262 1157 3309 tutore
1174 3268 1224 3319 pro
1241 3268 1273 3308 ea
1291 3249 1437 3323 litigante,
1455 3269 1518 3309 vera
1534 3267 1617 3326 sunt,
1634 3267 1665 3310 ut
1684 3271 1769 3323 neque
1795 3255 1887 3314 cassio

219 3321 263 3375 uti
279 3315 367 3376 libens
383 3321 520 3395 concedo,
538 3326 642 3394 quoties
660 3325 898 3395 eviierrrurraret
921 3323 1035 3382 diversi·
1066 3319 1200 3378 bonorum
1217 3339 1233 3377 a
1252 3326 1353 3377 marito
1370 3317 1442 3381 sabia
1461 3321 1547 3382 ullam
1563 3323 1613 3380 bas
1631 3325 1661 3378 in
1688 3337 1765 3392 parte
1790 3338 1882 3382 nuta·

221 3389 295 3446 tatis
309 3393 380 3447 ratio
390 3409 404 3459 i·
417 3395 476 3464 ita,
492 3412 556 3452 cum
573 3394 648 3452 nulla
665 3395 845 3466 suppeditetur
863 3393 925 3451 talis
948 3413 1034 3465 quan·
1067 3393 1170 3451 tionem
1186 3385 1311 3458 efficiare
1326 3409 1388 3450 cum
1406 3395 1519 3450 auritus
1536 3393 1654 3452 cedendo
1671 3392 1769 3474 bonis,
1795 3397 1885 3452 msi-

221 3473 282 3519 tum
300 3462 334 3519 ad
353 3469 528 3532 questionem
545 3478 719 3538 presentem,
737 3468 783 3524 sed
799 3483 833 3526 er
851 3461 1035 3525 dresserum
1066 3461 1150 3520 talem
1168 3477 1259 3521 tamen
1279 3480 1337 3520 non
1353 3467 1462 3523 cesserit
1526 3475 1655 3533 estatem,
1672 3465 1701 3522 dr
1718 3481 1763 3534 pus
1788 3465 1884 3526 nitelae

219 3543 337 3658 ntrogue
353 3538 385 3591 in
401 3543 465 3592 casu
482 3534 600 3611 militet,
620 3551 753 3609 nonest,
772 3557 820 3596 cur
846 3537 1034 3597 e·contrabii-
1064 3538 1095 3588 in
1113 3549 1226 3592 uxorem
1242 3551 1274 3590 ac
1293 3533 1364 3594 bona
1382 3531 1453 3607 eius,
1569 3531 1652 3592 burclr
1670 3531 1702 3590 ds
1723 3540 1791 3610 just
1818 3545 1904 3596 asad

217 3599 269 3662 bus
306 3621 337 3660 ac
356 3608 385 3662 in
411 3617 487 3677 parte
511 3607 676 3668 descendens
700 3625 737 3666 err
758 3603 876 3679 judicato
901 3605 1035 3680 obligatio
1059 3604 1120 3680 jug.
1139 3602 1164 3659 d.
1183 3605 1226 3662 rit.
1249 3623 1270 3661 r.
1289 3625 1363 3664 nuso.
1385 3603 1427 3664 15.
1445 3623 1530 3678 neque
1558 3603 1692 3689 bonorum
1716 3612 1790 3667 inter
1813 3623 1882 3665 con·

217 3687 390 3743 separaretur
426 3679 545 3736 maxime
563 3681 591 3735 si.
604 3680 763 3749 consideres,
782 3677 904 3737 suturum
912 3677 1033 3748 alioquin
1063 3674 1136 3748 juges
1163 3677 1314 3749 separatio,
1339 3693 1395 3747 que
1420 3693 1475 3736 non
1501 3692 1517 3732 a
1539 3689 1718 3750 magistratu,
1745 3679 1886 3750 premissas

217 3743 371 3806 absurdum.
383 3719 475 3822 iilud,
488 3750 558 3819 quod
576 3747 662 3819 major
679 3753 790 3819 privatae
808 3749 949 3818 mulierum
967 3768 1034 3807 con-
1064 3763 1148 3804 causa
1165 3749 1342 3826 cognitione,
1360 3750 1467 3817 privata
1484 3758 1592 3820 tantum
1608 3750 1794 3808 conventione
1811 3767 1879 3810 con·

177 3817 180 3826 “
220 3820 346 3874 ventioni
363 3818 530 3878 tribueretur
548 3821 603 3890 vis,
640 3837 701 3878 rum
719 3820 830 3890 publica
848 3837 936 3881 rerum
962 3815 1033 3889 iudi·
1064 3819 1126 3890 tigit
1162 3832 1203 3888 ius
1221 3815 1274 3876 hoc
1290 3819 1387 3892 agendi
1405 3820 1504 3878 marito
1519 3815 1617 3890 tollat,
1643 3815 1830 3879 Rodenburch
1851 3820 1892 3878 d.-

218 3901 343 3948 catarum
361 3887 539 3958 audieritatie
558 3897 607 3949 etsi
622 3839 706 3964 iunge
724 3894 809 3966 magis
825 3890 861 3948 ab
879 3887 1034 3961 adiibusju·
1064 3890 1107 3946 ris.
1126 3859 1153 3944 3.
1173 3904 1229 3958 rap.
1251 3908 1274 3946 1.
1292 3909 1367 3972 nisos.
1390 3887 1430 3958 td.
1450 3887 1613 3950 Neostadius
1630 3887 1663 3946 ds
1685 3892 1773 3960 pariit
1801 3906 1883 3949 asstr-
1951 3947 1957 3955 ,

218 3956 363 4016 ‹licialibus
381 4001 394 4031 ,
417 3979 498 4032 quarn
523 3960 774 4033 extrajudicialibus
802 3961 893 4021 abesse
901 3964 1033 4018 ocissum-
1064 3973 1134 4028 nupt.
1152 3957 1281 4018 cbissoar.
1299 3957 1329 4018 8.
1345 3981 1373 4016 m
1390 3964 1477 4032 noris,
1495 3979 1582 4030 neque
1604 3957 1796 4030 patiwdotali
1820 3963 1886 4020 sive.

215 4027 406 4103 scriptionem,
424 4034 542 4104 adeoque
560 4036 651 4090 minus
667 4040 696 4094 in
716 4031 838 4106 judicio,
852 4049 934 4102 quam
957 4043 1033 4090 extra
1065 4029 1173 4098 publico
1190 4033 1247 4088 sive
1264 4032 1371 4101 privato
1388 4031 1417 4088 id
1439 4033 1483 4115 agi
1508 4049 1570 4088 cru
1595 4027 1690 4090 effediu
1716 4037 1813 4103 possit,
1840 4051 1878 4092 ne

133 4117 139 4135 ¹
216 4097 302 4170 illud,
320 4099 445 4160 mulieres
461 4121 494 4163 ex
511 4124 589 4164 setus
606 4107 647 4163 sui
667 4102 990 4178 fragilitatepericlitari,
1003 4106 1032 4158 in
1064 4103 1178 4158 maritus
1196 4121 1245 4171 pro
1262 4121 1346 4160 uvore
1363 4105 1393 4158 in
1409 4103 1513 4174 judicio
1529 4101 1678 4174 subsistat,
1694 4103 1760 4162 sedi
1778 4103 1885 4162 satine.

216 4181 313 4242 aperto
331 4173 384 4226 sit.
399 4171 547 4234 'l'rivolum
564 4195 629 4234 vero
645 4188 686 4234 est
703 4217 712 4249 ,
730 4177 801 4246 quod
827 4175 862 4234 de
888 4169 990 4246 majore
1016 4192 1032 4230 a
1065 4174 1140 4252 viro,
1157 4191 1206 4228 suo
1224 4175 1334 4230 nomine
1351 4190 1451 4242 suoque
1469 4172 1559 4246 litiget
1575 4172 1731 4233 arbitratut
1744 4173 1887 4233 lerenius

217 4257 314 4300 rerum
326 4242 533 4305 domesticarum
551 4247 818 4305 curisavocamento
835 4248 865 4303 in
888 4261 974 4302 uxore
998 4243 1031 4298 li·
1065 4259 1104 4310 rus
1122 4241 1189 4302 illud
1207 4241 1363 4312 publicum,
1381 4244 1485 4312 nuptiis
1502 4243 1643 4304 nulierem
1659 4245 1886 4315 maritipotestu·⁸

217 4319 327 4386 rigante
342 4331 424 4385 quam
441 4316 642 4388 contrahente,
659 4318 777 4388 adeoque
795 4313 897 4388 majore
910 4310 1032 4386 praisdi-
1063 4314 1087 4368 ti
1103 4331 1135 4371 ac
1154 4312 1245 4370 tutelae
1261 4313 1358 4384 subdi,
1385 4313 1504 4386 adeoque
1532 4327 1663 4389 tanetum
1689 4320 1884 4395 minorem

217 4390 263 4442 cio
280 4386 389 4444 maritis
405 4405 452 4456 pes
470 4385 590 4460 judicia,
607 4397 688 4458 quam
704 4407 751 4458 per
768 4391 962 4444 conventiones
988 4391 1032 4441 in-
1063 4401 1121 4440 non
1139 4381 1237 4442 babere
1263 4384 1412 4458 legitimam
1435 4403 1577 4453 personam
1602 4386 1696 4444 standi
1721 4388 1750 4442 in
1778 4385 1886 4452 iudicio.
1915 4415 1922 4428 ·

216 4454 350 4530 ferendo,
367 4456 468 4517 ibidem
493 4473 534 4520 est
560 4459 709 4517 tradittrm:
738 4461 879 4528 postquam
910 4455 1031 4513 obtinuit
1063 4472 1112 4524 pro
1128 4471 1177 4521 ses
1194 4455 1239 4510 cui
1256 4453 1309 4526 juri
1327 4451 1719 4526 publicoprivatorumpadlis
1734 4455 1885 4530 derogari,

169 4556 176 4568 ·
214 4517 386 4600 litigantium
402 4534 544 4601 praesentia
561 4525 714 4598 in-judiciis
730 4527 806 4588 bauti
819 4545 886 4598 opus
903 4547 968 4599 esse,
985 4525 1032 4584 sed
1062 4525 1136 4598 leges
1149 4543 1206 4582 non
1226 4527 1385 4598 patiuntur,
1402 4544 1465 4583 cum
1473 4527 1637 4602 generaliter
1645 4526 1885 4607 constitutumslt,

216 4597 416 4664 &absentssdt
429 4615 569 4673 presentes
579 4601 733 4669 relinquere
747 4598 963 4669 procuratoribus
979 4603 1032 4654 suis
1061 4601 1166 4654 servari
1180 4615 1237 4654 non
1254 4611 1377 4668 oportere
1393 4595 1652 4670 pateremurque.
1668 4593 1771 4654 fuerint
1789 4611 1880 4664 aiore

217 4687 408 4746 causarumque
424 4679 544 4745 patmnis
571 4671 665 4730 litium
687 4687 795 4730 marum
821 4669 1030 4728 discensionem.
1061 4669 1202 4724 communi
1219 4683 1343 4740 remota,
1361 4669 1378 4724 l.
1391 4673 1467 4746 juris
1479 4671 1600 4748 gentium
1619 4677 1645 4738 7.
1663 4665 1700 4738 ,οἳ
1718 4683 1744 4725 rt
1763 4685 1883 4752 gergesa

216 4739 367 4814 Deserere
385 4747 414 4803 in
435 4743 583 4803 Hollandia
600 4761 633 4801 ac
652 4737 794 4812 Utrrjeeir
808 4740 1031 4810 tamamplama·
1062 4739 1123 4796 lies
1145 4737 1185 4796 16.
1201 4733 1239 4810 ffl
1254 4737 1285 4795 ds
1302 4741 1408 4813 pariis,
1427 4755 1508 4813 atque
1524 4747 1631 4810 insuper
1648 4739 1684 4819 ad
1702 4739 1750 4814 id,
1767 4752 1798 4798 ut
1822 4759 1884 4813 Jure

219 4819 575 4902 pitipotestasest,ut&
596 4815 788 4874 institutore
804 4812 884 4874 litem
902 4831 954 4892 pro
979 4829 1035 4889 aa,
1053 4810 1205 4885 communi.
1216 4810 1388 4908 simensis
1399 4811 1537 4886 habeatur
1553 4829 1602 4890 pro
1625 4827 1809 4892 materanos,
1836 4831 1884 4876 ttr-⁸
