3994 5348
698 285 748 354 De
765 283 985 350 Disttadioae·
996 283 1168 369 Pignorum
1185 281 1244 354 iic·
1661 278 1735 355 26¹·

143 407 146 414 ·
220 349 319 437 idione
337 372 503 450 iypetierarn
519 374 629 432 uendere
644 378 720 444 poerit
738 397 778 434 eet
792 376 951 451 generaliter
978 379 1057 446 primi
1075 379 1217 437 creditoris
1234 374 1291 459 iure
1308 369 1429 448 metitur,
1447 393 1505 453 arg.
1523 373 1569 435 lii.
1585 394 1606 434 t.
1625 379 1653 434 C.
1673 385 1696 436 si
1704 383 1783 456 pigntt

143 461 147 468 .
214 451 341 524 ,bipatens
360 468 422 531 ortte
441 448 550 530 speciale
567 445 856 534 pignere'ed'tet'retii'ueer‚²¹
975 451 1075 536 p'gnort'
1092 449 1187 505 datam
1207 451 1251 519 tit,
1270 461 1355 520 Junct.
1374 450 1393 504 d.
1399 467 1473 574 greffe
1484 445 1528 537 Ι15.
1538 445 1570 578 5.
1586 453 1610 504 ri
1620 449 1669 538 tub
1677 451 1701 508 5
1716 448 1786 522 ffld

159 516 186 580 5,
204 524 270 599 Quo
288 523 416 576 solemnio
432 515 582 574 adiciendo
594 515 699 593 fuerent
716 537 745 575 en
760 531 870 592 pigneror
884 537 950 576 aete·
975 535 1070 594 pegnor.
1081 539 1105 577 et
1116 517 1215 591 iypoti.
1235 517 1273 577 Ut
1289 532 1382 577 tamen
1402 537 1433 577 ve
1455 536 1528 576 trtna
1555 534 1710 578 enuntiatio
1722 539 1778 589 pra

143 603 146 610 '
213 587 337 652 ditione?
539 645 543 652 ,
978 595 1051 649 mitti
1068 590 1175 660 debent,
1191 587 1315 648 iacienda
1332 589 1464 661 debitori,
1481 605 1623 658 antequam
1641 593 1676 649 ad
1695 595 1778 663 pigno

157 661 185 723 6.
204 663 252 722 An
269 662 361 728 celem
377 658 491 717 venditio
507 661 616 733 pignorir
633 661 760 728 privatim
771 655 864 732 sabia,
879 657 906 714 ri
921 656 954 714 id
977 661 1015 718 ris
1032 663 1218 738 venditionem
1236 661 1564 801 procedezuaserundom
1574 661 1782 718 distinctionem

213 731 291 806 padio
308 732 401 787 enum
418 734 465 786 tit:
485 749 546 786 caten
563 722 661 785 debitae
676 745 763 799 postea
789 726 820 784 t'd
834 749 886 785 non
900 741 948 798 per-
994 749 1032 790 ue
1048 745 1088 789 est
1106 734 1135 789 in
1153 731 1337 788 incanuerit
1424 728 1784 805 depignormctdtcredirord

141 825 146 838 .
211 819 331 912 uereque,
347 802 390 858 oet
405 801 519 856 elicerem
537 801 694 856 creditorum
712 803 855 872 interesset,
871 819 904 856 ne
920 799 953 856 id
976 751 1004 856 5
1014 801 1039 859 i.
1047 817 1070 858 t..
1083 801 1118 859 de
1134 817 1188 870 qua
1203 799 1309 884 plenius
1325 813 1415 857 actum
1430 804 1473 857 tit.
1489 800 1521 855 de
1537 805 1630 890 pigner.
1646 820 1672 858 et
1682 801 1783 884 hypati.

143 957 186 1017 «7.
204 871 386 1002 §deterrente
402 938 436 1001 Θ
454 939 726 1006 ωὖκιψιαᾰᾶἱέῖὶο
743 941 853 1010 valeat,
871 943 895 995 ti
912 959 951 996 ro·
975 883 1322 1012 5delenita:{etiilqtqriiiugilii
1334 868 1789 1016 ffizisgkdeiegpgffirffietffi

140 1039 145 1046 ·
181 1037 183 1042 ·
213 1015 314 1070 lemnia
332 1009 456 1094 quedam.
469 1013 640 1081 cecinerint,
658 1011 701 1066 ool
714 1009 849 1069 detreteon
865 1030 885 1064 o
903 1029 953 1067 nen
982 1018 1029 1068 nio
1045 1012 1238 1082 repedandum
1255 1023 1330 1078 csse,
1347 1023 1490 1078 antequam
1507 1013 1542 1068 ed
1561 1013 1680 1085 pignoris
1698 1013 1794 1070 vendi-

211 1097 368 1152 cempetrnte
382 1081 484 1166 'judice
502 1085 537 1137 te't
562 1083 757 1165 interponerem,
784 1081 828 1136 aei
843 1077 954 1166 debitori
981 1083 1283 1166 tionemprocedctutx
1309 1093 1398 1138 tanen
1416 1080 1478 1138 aliis
1495 1085 1592 1138 rectius
1610 1087 1714 1162 visum,
1732 1099 1795 1139 mort

143 1176 149 1257 s
212 1155 289 1212 realta
298 1169 362 1208 ante
370 1149 545 1239 venditionem
562 1150 736 1235 denunciatio
741 1147 825 1222 fedic
842 1145 954 1276 confidit
983 1151 1058 1238 licite
1068 1153 1134 1240 'iteri
1151 1153 1364 1282 dmgftiiffl'
1382 1155 1450 1278 Ἥ
1462 1151 1624 1278 limulttcitid
1624 1153 1796 1278 gqrfflrin:

213 1239 411 1350 wilm
425 1226 696 1312 ‘'mmmmm“
713 1237 766 1276 '‘²''
782 1235 877 1277 ‘m'
894 1241 922 1277 ''‘
983 1237 1345 1363 timiditatem,
1362 1261 1436 1360 tta,
1464 1307 1493 1350 a
1510 1241 1598 1350 inin
1617 1306 1704 1362 ,oret
1722 1239 1795 1362 ,ti

141 1392 145 1400 ·
163 1361 191 1422 8.
211 1362 390 1438 (iuidjeerir,
415 1364 440 1416 ri
458 1361 587 1418 tolerrnie
603 1360 708 1432 quidern
725 1357 863 1416 deerrare
880 1362 935 1417 tint
985 1361 1133 1420 Donellum
1148 1361 1458 1436 depign.cep.10.circe
1469 1360 1539 1417 rned.
1553 1361 1793 1420 Butnnetnannum

214 1433 264 1516 red
278 1432 322 1488 eet
337 1434 360 1486 ir
377 1430 521 1487 vendiderit
530 1471 538 1499 ,
556 1433 601 1502 qai
618 1449 670 1487 etan
687 1428 799 1488 iniebat
817 1400 955 1488 vendende·
983 1432 1024 1488 ad
1037 1434 1055 1489 l.
1063 1434 1112 1490 ult.
1124 1433 1150 1487 t:
1160 1431 1194 1488 de
1195 1438 1262 1558 iq'eere
1271 1430 1370 1488 dernier.
1381 1432 1482 1502 irnpetr.
1491 1435 1519 1488 in
1520 1437 1587 1504 fine,
1605 1433 1725 1502 aliosque
1737 1431 1791 1489 ibi·

235 1523 284 1574 etr,
303 1502 368 1570 vel,
379 1517 441 1556 caen
458 1499 489 1553 id
503 1499 608 1556 baberet
618 1504 631 1572 ,'
645 1504 677 1556 iet
692 1498 824 1558 venando
833 1498 955 1573 ficuda-
983 1505 1044 1561 clem
1061 1505 1176 1570 citatos,

211 1523 431 1630 intervertatur
449 1567 510 1625 eit?
539 1573 574 1625 lit
588 1570 692 1639 quidsi
709 1574 868 1639 apparitorer
897 1569 956 1626 dolo
982 1575 1017 1630 de
1033 1577 1102 1646 pigre.
1121 1567 1324 1640 ternanti.
1339 1569 1401 1627 n.5.
1420 1569 1451 1630 st
1468 1571 1587 1630 debitum
1605 1588 1696 1627 annua
1717 1572 1790 1629 bimo

1205 1517 1292 1560 tustra
1309 1505 1486 1561 dissentiente
1502 1519 1563 1559 cum
1581 1501 1642 1557 aliis
1654 1501 1790 1560 Bachovio

144 1673 149 1682 ·
216 1661 272 1699 reen
289 1642 389 1698 vilioris
407 1637 593 1695 vendiderint?
610 1642 687 1714 Quid
701 1635 842 1696 neoriirer?
983 1644 1065 1698 trima
1082 1643 1128 1701 die
1145 1641 1302 1700 solvendum
1318 1643 1373 1714 sit,
1400 1645 1429 1701 δε
1454 1659 1501 1712 pro
1527 1661 1560 1699 eo
1578 1643 1672 1714 pignus
1695 1643 1793 1700 darum
1892 1699 1893 1702 ,

142 1723 191 1788 ²9.
209 1709 393 1785 &firmem
408 1713 498 1784 pigner
514 1713 630 1780 remit,
645 1708 829 1767 reiterandae
843 1708 956 1766 creditor
983 1729 1045 1770 cum
1063 1709 1140 1781 padio
1168 1726 1197 1770 ut
1214 1709 1365 1770 distrahere
1383 1712 1462 1768 liceat
1488 1710 1581 1768 debito
1607 1717 1660 1768 n'on
1680 1712 1791 1785 soluto,

145 1801 150 1810 ·
217 1781 253 1838 oi
270 1783 427 1853 antiquiore,
444 1784 527 1849 potnit
537 1783 602 1849 jure
620 1783 743 1837 Roeeeno
751 1778 850 1836 debitor
867 1780 956 1836 redd·
985 1783 1044 1852 post
1061 1798 1165 1838 moram
1180 1786 1210 1838 in
1230 1787 1314 1848 prims
1330 1789 1456 1852 pensione
1479 1781 1606 1838 solvenda
1623 1789 1792 1840 commissam

216 1869 243 1910 to
259 1855 338 1920 pretio
353 1857 443 1926 pignus
453 1849 489 1907 ab
497 1865 593 1906 emtore
610 1869 730 1908 encore.
749 1850 881 1907 Nonitert
900 1869 955 1906 erro·
986 1853 1124 1922 procedere
1142 1853 1206 1910 licet
1223 1853 1258 1908 ad
1275 1853 1396 1923 pignoris
1414 1853 1608 1922 venditionem,
1625 1854 1709 1908 etiam
1729 1871 1791 1910 nec·

146 1948 150 1962 ·
216 1919 287 1980 riiar
305 1921 472 1978 Heltonaio.
491 1923 538 1976 An
557 1921 700 1990 oenoitiani
721 1923 830 1995 pignerir
847 1922 957 1990 potem
984 1925 1048 1981 dum
1064 1922 1184 1980 munde
1199 1923 1336 1990 tertiaeque
1353 1924 1489 1992 pensionir
1507 1923 1564 1980 dies
1584 1924 1703 1980 venerit:
1729 1920 1794 1978 licet

214 1994 307 2064 eppent
323 1993 491 2064 perrumpti
510 1993 582 2048 intro
593 2009 692 2047 certaret
710 2007 810 2060 ternpus
829 1989 956 2048 redemere
984 1995 1057 2050 enim
1075 2003 1135 2050 una·
1147 1991 1279 2063 obligatio
1296 1998 1341 2064 eit,
1359 2005 1450 2064 tamen
1467 1993 1530 2063 quia
1548 1991 1648 2048 solutio
1662 1997 1793 2060 inportet
1890 2039 1900 2062 ,

150 2087 154 2099 ⁴
216 2059 317 2120 liceat?
335 2061 412 2135 Quid
426 2060 635 2134 moriiur?,.dn
653 2059 820 2130 infirmanda
838 2062 954 2117 venditio
985 2063 1132 2133 diviseret,
1150 2065 1178 2122 ἃ
1197 2062 1272 2126 lapso
1288 2077 1450 2132 unoquoque
1468 2077 1544 2117 anno
1561 2065 1793 2132 parspetipotesr,

213 2136 324 2205 pignoris
352 2129 394 2186 ad
407 2129 580 2188 obtinendem
607 2133 760 2188 relationem
781 2124 958 2212 fiduciariam
984 2127 1010 2206 §.
1030 2150 1060 2190 ct
1078 2134 1101 2186 ri
1119 2135 1159 2188 ita
1178 2126 1304 2189 5.lnttit.
1322 2130 1461 2189 deneebor.
1479 2130 1551 2206 oilig.
1570 2131 1590 2187 l.
1610 2127 1793 2206 ettegoeumd.

214 2199 304 2281 fodio,
322 2205 346 2257 ri
363 2199 549 2259 condemnatae
567 2199 890 2273 deindeperdtfinitiae'trn
907 2199 956 2256 ab·
982 2201 1281 2276 ffideenateirlegarit,
1299 2203 1354 2257 imo
1370 2202 1459 2275 lapsus
1476 2207 1484 2256 i
1504 2219 1531 2258 se
1547 2201 1601 2259 diei
1649 2200 1795 2260 ohomine

219 2270 356 2328 redeatur?
786 2277 789 2284 ’
987 2271 1160 2344 interpellet,
1177 2275 1195 2330 l.
1214 2291 1343 2344 magnam
1365 2289 1404 2328 tu.
1419 2272 1452 2327 ’0.
1470 2221 1503 2326 5
1520 2289 1611 2327 cantra
1631 2313 1637 2325 .
1656 2269 1689 2333 (rt
1706 2275 1794 2329 emitt.

148 2354 193 2398 ro.
211 2342 242 2398 Si
255 2342 345 2414 pignere
363 2340 511 2398 selemniter
527 2358 651 2400 entreneo
667 2341 807 2402 meditari
822 2358 855 2394 ao
872 2339 957 2398 trodi-
987 2343 1073 2412 setput.
1090 2355 1171 2416 utque
1190 2345 1228 2398 itu
1245 2355 1303 2414 post
1320 2345 1388 2399 enni
1406 2343 1486 2410 primi
1505 2341 1607 2412 lapsum
1629 2341 1736 2398 debitor
1753 2343 1795 2399 in-

148 2447 156 2458 «
218 2428 279 2470 tunt
295 2412 339 2482 eit,
356 2412 379 2464 ie
397 2411 544 2469 doruinieem
561 2417 685 2484 acquirit,
702 2413 735 2473 Θ
752 2411 887 2469 vindicase
902 2431 958 2467 rern
986 2415 1055 2480 cepit
1073 2414 1103 2470 iu
1120 2428 1196 2468 mora
1213 2431 1277 2483 esse,
1294 2413 1311 2468 Ι.
1325 2410 1591 2481 tenerenturne.
1610 2411 1735 2484 creditit,
1753 2431 1795 2470 se-

214 2495 319 2552 petectt
337 2501 383 2536 nec
400 2501 419 2534 o
437 2481 549 2540 debitore
566 2485 610 2540 oet
625 2479 900 2541 eecerirerediteribur
916 2483 958 2537 in·
987 2485 1079 2551 quitur
1096 2481 1133 2538 ob
1148 2499 1254 2539 morant
1267 2481 1347 2540 talem
1358 2483 1391 2540 ad
1402 2483 1520 2554 pignoris
1528 2481 1729 2539 distractionem
1738 2479 1796 2551 jure

212 2551 332 2623 quietari
345 2563 426 2618 parett
435 2573 447 2619 ,·
457 2571 510 2610 ,nee
527 2558 547 2608 a
564 2553 689 2612 creditore
706 2551 842 2622 vendente,
859 2549 918 2609 licet
935 2553 958 2606 ir
988 2553 1142 2622 perveniri3
1166 2553 1235 2622 quod
1253 2555 1282 2613 a
1300 2551 1463 2622 Pomponius
1480 2551 1566 2607 voluit
1585 2556 1612 2607 in
1631 2552 1650 2607 l.
1669 2555 1695 2607 ri
1709 2572 1796 2608 necer-

218 2641 254 2676 etr
269 2621 332 2675 alia
346 2639 430 2676 cereta
455 2643 532 2696 egere
548 2623 632 2682 ueldrt.
651 2627 682 2680 Si
700 2624 832 2694 antiquior
850 2619 959 2678 creeietor
988 2626 1077 2679 cariae
1092 2619 1119 2678 8.
1136 2616 1161 2693 d.
1180 2625 1205 2677 si
1222 2642 1314 2680 anneta
1325 2619 1351 2678 5.
1369 2625 1399 2678 in
1409 2619 1466 2692 fine
1477 2619 1514 2690 ᾖ
1530 2621 1562 2676 de
1575 2623 1643 2694 pigre.
1662 2638 1715 2678 act.
1734 2640 1796 2680 cum

149 2727 154 2738 ·
214 2693 346 2762 priuatim
363 2690 513 2758 adeiitore
535 2697 625 2767 pigner
652 2697 766 2763 eeneeir,
785 2707 830 2761 per
851 2692 971 2763 nttqeoe
988 2691 1106 2764 scripsit,
1124 2691 1227 2752 redita
1245 2696 1371 2764 scriptum
1387 2695 1433 2763 rit,
1451 2693 1475 2747 ri
1491 2693 1669 2762 quapecrenia
1686 2691 1797 2750 suedie

223 2760 359 2818 creditores
373 2763 402 2816 ei
417 2767 506 2848 pinus
524 2765 608 2821 evinci
628 2780 730 2835 petest,-
755 2761 804 2818 ted
824 2777 889 2819 teenc
913 2763 961 2830 ipsi
989 2763 1073 2819 sobre
1092 2783 1143 2820 non
1158 2764 1219 2832 erit,
1235 2765 1331 2819 station
1348 2775 1487 2831 semperne
1520 2762 1577 2818 eote·
1592 2765 1797 2836 conventionem,

149 2853 156 2866 ¹
216 2833 301 2902 priene
318 2833 448 2888 rruioitcet
471 2853 551 2890 reum
583 2837 656 2908 ignem
675 2832 708 2894 (rt
723 2833 881 2900 prelationie
901 2831 958 2902 jur.
988 2847 1019 2891 ut
1035 2830 1465 2958 sciltoetpifnusrendereliceat.
1483 2775 1795 2904 blecrepugmntrerba

219 2899 298 2976 Quid
305 2902 381 2971 juro
399 2904 537 2970 ciprianus
554 2849 588 2964 5
606 2903 735 2962 recordat
752 2901 862 2964 creditor
879 2901 962 2959 sirntd
989 2901 1154 2973 prionlnd.
1176 2896 1252 2974 .8.§.
1263 2899 1288 2958 5.
1309 2907 1461 2970 proposita·
1479 2919 1513 2958 ec
1530 2902 1601 2973 quod
1619 2906 1648 2957 in
1668 2901 1721 2958 illis
1739 2921 1796 2961 non

219 2972 346 3043 privatim
360 2974 453 3044 pignm
468 2977 610 3031 emerint..
835 2988 843 3002 ¹
989 2973 1081 3046 tegula
1098 2974 1269 3043 continetur,
1287 2975 1334 3030 sed
1351 2971 1387 3029 ob
1405 2937 1486 3032 verlta
1503 2971 1623 3039 quedam
1642 2971 1797 3044 poeuliaria,

130 3051 196 3101 ἰι.
215 3045 245 3097 Si
258 3043 378 3108 posterior
395 3041 507 3098 creditor·
530 3047 621 3118 pigner
640 3043 752 3114 modat,
778 3044 856 3113 peior·
868 3056 960 3102 contra
1008 3039 1085 3100 uibus
1104 3057 1211 3110 pactum
1228 3044 1262 3101 de
1279 3044 1398 3128 pignoris
1412 3042 1549 3100 vendendi
1559 3041 1668 3099 licentia
1676 3059 1797 3111 compre·

149 3149 152 3156 -
220 3126 347 3166 emtorern
364 3107 545 3179 repnteenn
563 3133 638 3188 egere
654 3116 755 3184 pererit,
779 3113 873 3184 pcuair
888 3113 959 3167 casi-
997 3149 998 3152 ¹
1024 3129 1101 3170 nsum
1117 3124 1186 3184 erat,
1203 3129 1339 3183 responsio
1355 3115 1383 3171 dt
1401 3111 1526 3170 definitio
1543 3129 1558 3167 e
1575 3109 1744 3182 generalibus
1754 3109 1797 3184 ju-

123 3207 130 3215 ·
220 3179 269 3237 tes
287 3181 404 3247 entreprit.
422 3181 508 3238 Hod'u
527 3186 581 3257 agit
599 3201 690 3241 contra
709 3202 759 3253 ees,
776 3180 888 3252 adquor
901 3197 959 3251 pre·
990 3187 1027 3241 ris
1042 3181 1226 3240 fundamentis
1243 3180 1385 3242 defleliens
1411 3199 1444 3238 ac
1460 3177 1534 3250 padi
1548 3182 1623 3237 istius
1641 3180 1731 3240 verbis
1749 3201 1796 3240 ac-

218 3253 288 3307 titern
304 3252 436 3322 prevenit,
463 3256 580 3308 maxime
607 3257 631 3309 ti
647 3267 758 3322 ternpore
772 3251 873 3322 judicii
899 3259 960 3308 doet-
988 3251 1478 3323 commodatapropnnitumitentm,
1495 3250 1797 3316 sicnnaaiienctrr'nrn

218 3339 310 3377 currat
328 3320 396 3388 inter
408 3322 548 3379 creditores
575 3323 656 3382 debiti
673 3323 784 3381 conditio
808 3321 894 3382 ediec
914 3336 959 3390 pe-
988 3323 1029 3380 die
1037 3325 1147 3397 triginta
1157 3323 1307 3393 ttipniatur,
1324 3325 1466 3391 acceperim
1473 3327 1574 3394 pigner,
1582 3336 1724 3395 pariterque
1734 3327 1797 3393 einr,

218 3389 354 3462 penderit,
380 3406 405 3446 et
423 3388 454 3448 ob
471 3391 503 3450 id
515 3392 635 3452 deditam
661 3397 767 3467 quidem
791 3391 959 3464 indicorum,
988 3407 1019 3452 ut
1036 3397 1089 3451 nisi
1106 3411 1154 3452 sua
1171 3411 1273 3466 quaque
1290 3395 1334 3452 die
1351 3397 1462 3463 pecunia
1479 3391 1661 3459 salutemet,
1679 3393 1795 3452 rendere
1823 3399 1829 3410 ¹

164 3491 173 3500 -
219 3460 269 3516 red
282 3459 374 3518 solatio
390 3458 495 3520 obtenta
513 3485 564 3522 non
582 3470 635 3522 rit.
696 3511 711 3519 ‚2
987 3481 1047 3522 eum
1061 3462 1128 3520 mihi
1138 3464 1238 3536 liceret,
1254 3464 1348 3534 placet,
1365 3481 1510 3536 antequam
1519 3464 1638 3518 ernnieern
1645 3465 1798 3530 pontionem
1877 3469 1891 3492 ⁹

152 3549 193 3591 n.
211 3534 260 3590 Art
274 3534 380 3604 pignora
398 3534 535 3591 vendenda
562 3539 615 3593 tint
628 3550 734 3604 parata.
751 3528 885 3605 petuma?
909 3533 960 3586 An
987 3535 1044 3590 dier
1060 3537 1169 3606 veniret,
1185 3556 1237 3592 nare
1251 3530 1602 3608 patrentep'qrtataendere,
1618 3533 1796 3602 quictisuer-

219 3599 318 3663 debitor
336 3601 474 3676 liberetur,
501 3608 536 3662 sit
554 3605 664 3664 creditor
681 3602 717 3662 ab
733 3621 830 3660 emtore
844 3603 959 3669 pretium
989 3603 1521 3674 biterenet'penrionerderncrttrarentar.
1540 3602 1619 3660 Adde
1625 3601 1797 3662 Groenesee-

216 3674 336 3740 consequi
363 3671 507 3742 nequeat?
533 3678 582 3732 An
606 3681 699 3750 pigeret
727 3678 824 3732 iterum
847 3671 960 3740 periculo
988 3691 1041 3748 gen
1058 3674 1129 3731 odd.
1145 3673 1194 3732 tit.
1203 3669 1230 3748 §
1241 3671 1266 3729 5.
1285 3673 1317 3732 Si
1334 3671 1413 3744 patio
1428 3685 1532 3731 certum
1550 3685 1651 3742 tenpus
1664 3677 1798 3730 insertum

215 3742 295 3807 primi
311 3745 416 3796 emtorir
435 3740 538 3798 vendi?
554 3745 621 3818 quid
634 3743 763 3815 mnibus,
780 3746 804 3799 si
821 3745 959 3799 auctiora·
989 3747 1044 3815 sit,
1070 3747 1143 3803 intra
1161 3745 1232 3814 quod
1247 3762 1307 3804 non
1323 3757 1414 3802 nemra
1439 3740 1525 3804 debiti
1541 3741 1685 3800 solutione
1704 3745 1799 3814 pignus

152 3839 169 3862 -.
218 3811 276 3866 eiat
291 3812 406 3876 pretium
433 3812 570 3870 mobilium
597 3835 655 3871 cons
685 3817 715 3872 ui
736 3805 872 3885 nequeat?
889 3809 964 3884 ,quid
991 3815 1105 3873 rendere
1122 3813 1226 3886 liceret,
1243 3817 1366 3882 deinceps
1384 3825 1475 3870 autem
1490 3810 1797 3881 novopaetosolvenda

220 3885 244 3934 si
262 3881 445 3938 contionariae
472 3885 517 3939 ved
537 3899 650 3941 curator·
685 3889 739 3944 ann
762 3883 841 3940 deren
860 3877 960 3955 fugerit
990 3891 1105 3955 pecunia
1122 3887 1179 3946 dies
1198 3879 1358 3954 proferatur,
1375 3891 1532 3942 convenisse
1549 3883 1664 3954 videtur,
1683 3885 1800 3952 ueprius

152 3979 157 3986 ·
223 3947 410 4028 ‘unz-imo?
532 3995 538 4008 .
570 3967 573 3974 ’
628 3956 631 3963 ’
992 3955 1126 4012 vendendi
1136 3955 1257 4026 pignoris
1266 3967 1554 4023 potestasexerceetur,
1569 3953 1587 4009 i.
1604 3971 1666 4009 curn
1675 3952 1800 4011 solvende

154 4014 195 4078 15.
213 4018 257 4076 De
268 4037 336 4087 jure
353 4017 465 4079 dominii
481 4043 499 4076 a
512 4023 629 4092 Principe
645 4021 816 4092 impetrando,
834 4024 857 4079 ti
872 4022 960 4098 pignus
989 4017 1469 4098 4ffh.t.l.rolritur5.§.1;ffiqreib.
1481 4021 1799 4096 enedpignnetiypootr.

222 4105 349 4144 errrorem
367 4110 418 4148 nea
434 4096 572 4150 inveniat.
590 4095 639 4152 An
655 4092 727 4152 illud
742 4090 856 4152 erroribus
874 4091 961 4152 adbuc
1017 4109 1050 4164 .²·
1069 4091 1234 4152 Hancrern
1250 4096 1370 4167 pignoris
1387 4095 1572 4153 venditionem
1595 4111 1650 4152 non
1668 4095 1799 4166 impedit,

221 4161 318 4217 incusu
336 4156 399 4217 rit?
653 4217 657 4227 ,
792 4183 817 4196 ··
990 4165 1062 4236 quod
1079 4182 1135 4222 non
1154 4163 1268 4222 multum
1292 4177 1373 4224 restet
1389 4163 1600 4234 exsolvendum,
1626 4165 1655 4223 te
1672 4181 1714 4220 res
1732 4182 1799 4222 ren-

742 4287 746 4296 ,
989 4235 1077 4292 denda
1094 4237 1187 4305 magni
1205 4236 1282 4304 pretii
1298 4236 1344 4305 sit,
1362 4235 1381 4290 l.
1392 4251 1417 4288 2.
1426 4235 1457 4290 C.
1468 4233 1610 4290 debitorem
1622 4233 1799 4292 venditionem

154 4314 178 4356 r.
196 4296 253 4422 Sl
270 4297 378 4358 debitor
396 4319 452 4358 non
469 4303 557 4362 solvat
574 4303 700 4364 creditori
718 4304 789 4373 quod
805 4300 908 4375 debet,
927 4303 960 4358 li·
989 4308 1056 4430 flign.
1065 4305 1344 4374 impedirenonpettei.
1355 4304 1483 4374 quamdiu
1502 4305 1530 4360 C.
1543 4303 1566 4361 5.
1576 4321 1596 4360 t.
1615 4317 1645 4361 ut
1663 4318 1694 4360 ut
1708 4317 1801 4364 tamen

257 4367 350 4428 &rum
365 4383 406 4428 est
423 4375 569 4444 creditori,
589 4393 644 4432 non
656 4376 748 4444 ‚primo
765 4385 893 4445 tantum,
916 4375 962 4434 sed
1011 4379 1035 4432 ic
1052 4381 1170 4446 aquitmi
1188 4375 1261 4433 tocue
1277 4394 1335 4432 esee
1350 4373 1466 4445 debeat,
1489 4377 1519 4429 si·
1529 4371 1600 4432 forte
1616 4391 1649 4430 ex
1669 4372 1799 4434 frutribus

150 4441 179 4500 ir
196 4439 378 4512 secuuducui
397 4445 492 4514 pignus
508 4445 615 4517 pignori
631 4445 726 4503 datum
736 4448 786 4515 eet,
804 4445 960 4514 pignusdis·
990 4455 1036 4502 aut
1053 4445 1226 4514 pensionibus
1253 4448 1290 4501 rei
1308 4443 1431 4517 obligata
1447 4444 1599 4514 propediem
1625 4442 1699 4500 reici
1716 4449 1799 4515 possit

91 4573 103 4595 l
153 4507 281 4582 trabere,
308 4517 331 4568 si
349 4511 430 4570 modo
447 4517 548 4581 primus
564 4513 670 4572 debitor
688 4517 717 4570 in
735 4530 812 4570 atera
828 4515 882 4570 eir:
910 4513 961 4570 hoc
990 4516 1117 4586 exiguum
1135 4514 1210 4586 illud,
1227 4515 1298 4586 quod
1317 4517 1346 4571 in
1365 4513 1456 4573 debito
1473 4517 1612 4585 remansit,
1628 4529 1686 4587 arg.
1705 4515 1723 4572 l.
1736 4531 1760 4573 r.
1771 4518 1800 4574 C.

151 4583 227 4639 euim
247 4585 274 4637 in
293 4597 370 4640 mora
387 4601 443 4638 non
461 4587 593 4641 existente
610 4591 717 4643 ratione
734 4586 872 4655 pignoris,
897 4585 962 4643 dum
991 4584 1015 4660 5.
1034 4602 1054 4642 t.
1073 4583 1322 4653 videlieetunsc.
1344 4581 1420 4642 Holi.
1436 4599 1495 4654 par.
1513 4579 1539 4638 5.
1558 4585 1607 4641 ael.
1628 4600 1650 4640 1.
1669 4604 1735 4642 cont.
1754 4585 1800 4655 du.
1881 4603 1885 4612 ·

151 4651 195 4706 vel
214 4651 311 4722 pignus
326 4655 411 4720 iprum
430 4653 472 4708 rel
491 4653 637 4722 principale
652 4655 775 4722 debitum
792 4653 962 4714 tantumsub
992 4654 1127 4714 Similiter
1155 4673 1205 4712 nec
1221 4653 1370 4723 prohibitio
1394 4673 1439 4723 per
1456 4651 1606 4712 debitorem
1633 4665 1802 4716 testamento

87 4753 90 4762 ·
153 4721 318 4792 conditione,
336 4740 391 4790 qua
410 4725 530 4782 nondun
545 4726 648 4796 extitit,
664 4735 836 4782 contractum
853 4731 904 4795 e'st,
920 4726 961 4782 uti
993 4722 1078 4794 latia,
1096 4743 1131 4782 ne
1149 4743 1190 4783 res
1207 4725 1341 4782 alienetur
1359 4737 1436 4781 extra
1455 4722 1604 4792 familiamt
1631 4739 1678 4782 aut
1694 4725 1801 4785 denun-

109 4804 112 4810 '
154 4799 220 4846 ΝΜ
247 4796 334 4858 Primo
356 4791 484 4851 creditori
511 4795 627 4854 necdum
654 4791 822 4853 distrahendi
848 4793 962 4854 facultas
973 4805 980 4910 ι
992 4800 1074 4854 cirtio
1091 4793 1221 4852 debitoris
1240 4815 1274 4853 ne
1291 4795 1442 4864 vendatur3
1460 4806 1507 4850 aut
1525 4811 1606 4864 poena
1616 4797 1807 4868 comminatio,

152 4870 221 4933 anta
237 4874 295 4932 est,
324 4862 363 4924 ite
381 4867 588 4935 recemundo,
611 4870 656 4936 qtti
675 4863 717 4937 jur
730 4881 813 4924 omne
835 4883 914 4926 cutm
930 4878 963 4926 ex
993 4878 1023 4926 ut
1040 4885 1082 4928 res
1101 4861 1269 4944 iacendo,
1287 4866 1310 4926 si
1327 4867 1441 4926 erudita
1458 4871 1503 4938 sit,
1521 4865 1656 4939 vendendi
1667 4864 1807 4929 licentium
