4012 5344
708 183 758 250 Ae
775 141 1110 251 senatusconsultum
1130 180 1344 270 Vellejunum.
1729 192 1803 254 ‘to-i

196 285 277 348 esset,
294 285 369 337 utres
387 273 505 362 aliermm
523 270 645 362 delunili
663 280 818 348 susciperet,
836 277 854 332 Ι.
873 276 1016 404 eludium:
1039 278 1098 335 uice
1116 277 1291 366 intercedere,
1309 291 1362 366 qna
1379 274 1624 402 pitius-iniiertesslt
1634 291 1644 360 3
1669 273 1743 366 unde
1768 277 1854 364 mini-

192 346 784 490 idistiittiiiimistr
794 357 1008 488 mitrii?
1038 361 1089 501 {ii
1097 352 1407 502 mittentis}
1422 361 1607 489 {tinini
1616 349 1853 489 tintinnis

188 489 379 550 'demnitatem
396 489 579 558 promittendo
595 495 699 559 tutori,
717 494 762 564 qui
780 497 901 544 metuens
919 481 1007 553 forte,
1037 501 1169 545 minentis
1188 505 1222 546 ex
1240 489 1433 547 intercessione
1450 489 1545 548 damni
1560 489 1720 558 admonita,
1747 487 1852 544 intelli-

197 575 234 616 ne
252 561 281 618 in
300 559 416 632 pupillos
433 575 542 630 erogata
569 557 606 614 ob
623 575 716 615 eorum
744 561 867 628 inopiam
890 571 946 611 non
964 573 1007 612 res
1036 559 1087 627 git,
1104 557 1259 627 impositum
1277 558 1330 616 sibi
1349 557 1407 616 lore
1424 559 1549 618 solvendi
1567 563 1773 617 necessitatem.
1801 557 1849 613 Vi·

192 629 293 702 eipiat,
323 630 437 688 tutelam
464 629 638 699 pupillorrmr'
654 635 784 696 suscipere
810 627 950 686 declinate
977 631 1006 682 in
1036 627 1084 683 riis
1102 627 1220 701 quidem,
1236 629 1472 698 &quodammodo
1489 630 1567 686 risile
1584 645 1681 686 munus
1689 628 1791 686 dieitur
1801 627 1848 682 in·

192 712 325 768 quantum
343 714 409 758 tunc
428 715 475 768 pro
493 698 619 770 pupillis,
647 713 777 770 tanquam
799 715 832 755 er
850 696 1005 764 tutelenad-
1037 699 1176 767 tercessio,
1194 699 1213 755 Ι.
1235 706 1259 757 i.
1278 697 1315 770 ff.
1338 718 1360 757 r.
1376 698 1410 770 ff.
1429 700 1456 757 i.
1474 715 1494 758 r.
1509 700 1526 757 i·
1547 715 1576 756 a·
1587 699 1622 768 ff.
1642 698 1675 752 de
1690 717 1740 780 reg.
1753 698 1847 772 juris.

190 770 396 828 ministratione
425 787 456 826 uc
474 766 574 840 judicio
591 772 731 826 contrario
750 766 850 826 futuris
875 767 1006 824 debitori·
1036 767 1090 830 b'ed
1108 783 1165 826 non
1182 767 1236 824 alio
1252 765 1380 839 respeiln,
1396 785 1477 844 quens
1512 781 1627 828 ustenus
1642 766 1787 838 Vellerano
1803 787 1846 825 se·

189 837 250 907 bus,
267 841 433 898 intercedere
451 853 576 897 censetur
594 841 664 909 apud
674 852 790 897 tutorem
806 839 901 894 eadem
916 853 949 894 ex
960 848 1005 890 tu·
1036 839 1242 896 netusoonsulto
1258 839 1478 907 comprehensum
1527 853 1595 911 erat,
1614 855 1648 897 ne
1685 833 1783 894 roullo
1797 834 1848 891 soe-
1964 859 1970 865 ·

185 907 244 966 tels
263 908 383 968 fututum
399 911 580 976 creditorem3
604 922 635 967 ut
653 909 767 978 proinde
783 904 827 962 hic
847 910 1005 985 inueniatur
1034 909 1114 966 minae
1132 910 1343 980 intercederent,
1357 911 1478 980 adeoque
1491 922 1657 980 quatenuse
1678 907 1790 984 “caciter
1807 921 1844 964 ex

189 976 299 1036 debitor
316 999 364 1049 pro
380 983 446 1052 quo,
463 983 491 1039 dr
508 981 627 1038 creditor
645 980 715 1037 alius
752 978 823 1046 apud
840 993 940 1051 quem,
959 977 1005 1034 in·
1034 993 1083 1034 sua
1099 993 1156 1036 non
1175 975 1368 1050 obligabantur
1385 980 1595 1050 intercessione,
1613 976 1750 1042 Velleiani
1766 993 1846 1036 erce·

189 1055 317 1120 tereessio
333 1049 374 1120 lit,
393 1053 411 1106 Ι.
430 1051 455 1104 ri
470 1070 557 1105 mater
574 1048 601 1106 6.
615 1044 645 1178 3.
669 1067 692 1108 r.
710 1019 736 1106 il
756 1047 783 1104 b.
801 1061 822 1104 t.
841 1050 894 1105 Uul
912 1043 1003 1103 simile
1035 1051 1126 1114 ptione
1142 1051 1271 1108 munite.
1288 1046 1408 1108 Cautum
1426 1049 1529 1108 scilicet
1547 1051 1577 1105 in
1593 1063 1686 1105 etnim
1704 1043 1846 1118 erotem,

184 1133 235 1187 est,
251 1119 294 1192 si,
311 1139 373 1178 cum
391 1131 531 1191 propterea
548 1121 613 1177 dea
634 1124 724 1180 euntia
743 1117 893 1174 hereditate
923 1113 1003 1174 dubi·
1035 1133 1069 1173 ne
1087 1119 1302 1186 intercederetis
1320 1135 1375 1176 non
1394 1130 1526 1190 cautum,
1552 1135 1589 1176 ne
1606 1117 1670 1175 huic
1688 1113 1778 1172 satori
1795 1133 1845 1183 pro

186 1198 256 1246 taret
275 1189 378 1264 heres,
397 1193 468 1263 quod
478 1203 585 1260 perum
602 1191 699 1248 idonea
717 1195 829 1246 nomina
846 1185 1003 1245 debitorum
1033 1203 1060 1242 se
1077 1184 1234 1246 introdubio
1250 1189 1453 1256 renunciarent,
1470 1191 1498 1250 tr
1515 1205 1550 1250 eo
1567 1189 1648 1244 modo
1664 1199 1748 1245 semet
1767 1197 1847 1254 aptae

187 1259 355 1330 riderentur,
374 1261 472 1318 mulier
491 1261 684 1330 repromiserit,
700 1279 743 1326 se,
760 1267 863 1326 quinto
879 1262 1002 1313 minuta
1032 1251 1172 1314 efficerent
1195 1258 1230 1315 sd
1247 1259 1500 1318 interveniendum.
1528 1254 1592 1331 Qut
1619 1259 1726 1315 ratione
1751 1255 1845 1314 tutelts

186 1345 294 1402 quoquo
311 1347 404 1390 eorum
423 1332 524 1388 servari
544 1344 653 1402 posset,
670 1334 867 1398 prustimram,
893 1327 912 1383 Ι.
931 1341 1003 1384 tutor
1032 1341 1129 1384 munus
1146 1326 1233 1385 etiarn
1249 1328 1329 1388 virile
1354 1329 1474 1400 dicitur,
1505 1329 1525 1387 Ι.
1542 1327 1630 1385 tutela
1651 1326 1691 1384 1¹6.
1709 1326 1727 1382 i
1746 1327 1794 1384 sir.
1810 1322 1845 1396 ᾖ
1960 1365 1963 1374 «

184 1391 1003 1540 siritii-iiii·inhilndiililli‘iiiiii
1032 1391 1238 1536 titisse
1255 1395 1847 1532 sterneret„
1895 1489 1899 1496 -

185 1537 284 1596 stinils
303 1539 447 1610 debitoris,
461 1510 514 1609 ’pro
532 1554 596 1610 quo,
614 1541 642 1598 dr
660 1539 801 1599 creditoris
823 1538 894 1606 apud
912 1551 1001 1604 quem,
1030 1541 1141 1594 tutrices
1156 1555 1211 1592 esse
1227 1555 1302 1606 posoe
1318 1536 1493 1610 certum'est,
1509 1543 1533 1596 si
1541 1543 1702 1596 renuntient
1719 1548 1845 1596 senstuse

188 1620 278 1676 posset
296 1613 382 1668 videri
400 1610 591 1680 intervenisse,
610 1627 659 1665 nec
677 1610 835 1667 intercessio
852 1605 925 1666 fudit
941 1623 1001 1663 cre·
1028 1605 1156 1662 cosmus
1173 1604 1336 1679 Velleiano,
1362 1611 1406 1667 tit.
1424 1609 1451 1665 C.
1486 1605 1575 1665 uude
1601 1607 1772 1665 molientur.
1800 1605 1846 1677 eff.

188 1680 277 1748 ditur,
292 1697 342 1740 nec
359 1693 539 1738 senatuscons.
558 1679 662 1736 auxilio
679 1679 846 1740 mulierum
862 1690 922 1740 estt
939 1691 1001 1734 curn
1022 1669 1214 1749 frotgiposrit.
1232 1675 1278 1734 Ne
1294 1679 1395 1747 dicem,
1414 1627 1485 1736 ini
1500 1695 1530 1734 ss
1540 1674 1576 1748 ff.
1592 1679 1625 1734 dr
1642 1697 1694 1751 reg.
1707 1676 1782 1748 juris
1796 1691 1843 1746 prr

187 1749 236 1803 virt
253 1751 312 1822 sit,
334 1749 472 1821 ut-aliqua
490 1751 559 1820 apud
576 1749 694 1807 eundem
710 1767 758 1817 pro
775 1765 809 1806 eo
826 1753 883 1817 ipso
914 1749 1001 1804 inter-
1030 1747 1245 1803 interveniorum
1263 1763 1319 1802 non
1337 1748 1473 1822 designari
1490 1764 1598 1805 munem
1616 1747 1694 1804 illam
1713 1752 1842 1824 interces-

188 1820 299 1878 cessisse
315 1820 436 1894 intelligi
464 1827 565 1890 possit,
592 1819 672 1888 idque
694 1817 842 1876 secundum
867 1812 1001 1875 tritorum
1029 1815 1152 1885 sionem,
1177 1833 1235 1884 que
1251 1807 1396 1886 Velleisno
1418 1817 1563 1889 reprobata
1580 1815 1655 1890 fuit,
1682 1817 1730 1876 sed
1749 1817 1841 1886 rodeli

182 1891 582 2034 iffii'iiirii‘iiimli
599 1891 810 2030 iiiiii
825 1880 999 2029 ilidii
1028 1883 1841 2025 milirnniiimiriniittn”irrisit

182 2025 296 2087 Etenim
315 2031 343 2088 in
364 2031 382 2086 i.
406 2045 446 2103 ¹9-
465 2047 527 2088 curn
545 2041 620 2087 tutor
637 2027 780 2091 defunilus
797 2026 868 2084 male
885 2025 999 2086 tutelam
1046 2025 1080 2094 is,
1095 2025 1163 2082 dum
1177 2042 1213 2084 err
1232 2029 1367 2098 premissa
1385 2027 1486 2101 reguli,
1502 1957 1689 2102 qtli‘loemimr
1706 2025 1841 2086 absum

158 2107 164 2112 '
201 2101 293 2156 essisse
309 2100 522 2173 existimaretur,
540 2115 573 2156 ac
591 2100 669 2158 heres
686 2094 721 2156 ab
739 2117 773 2155 eo
790 2098 932 2156 institutus
949 2097 1002 2156 du-¹
1094 2093 1221 2152 civilibus
1238 2099 1266 2156 dr
1284 2095 1398 2166 publicis
1413 2095 1512 2155 officiis
1532 2109 1641 2157 remota
1658 2095 1841 2168 ineuntur,

182 2115 287 2227 {iteret
306 2171 486 2229 hereditatem
503 2171 588 2241 adire,
607 2189 641 2228 ne
658 2189 674 2228 a
694 2167 801 2240 pupillis
818 2185 852 2225 ex
861 2168 934 2224 male
950 2186 997 2240 ge-
1022 2161 1165 2222 conclusio
1181 2171 1227 2236 sit,
1245 2167 1317 2236 qnod
1334 2187 1381 2224 nec
1391 2166 1500 2242 judicer
1516 2189 1573 2225 erse
1586 2172 1695 2238 possim,
1712 2186 1760 2223 nec
1777 2185 1840 2224 ssa*
1909 2213 1920 2220 .

183 2253 228 2297 ste
245 2255 292 2321 per
309 2235 466 2300 defundunt
490 2241 578 2298 tutele
605 2243 799 2304 conveniretur
822 2239 997 2322 persuadente
1022 2237 1169 2308 gistratum
1182 2255 1344 2318 gemmet
1358 2239 1509 2312 postulare,
1531 2257 1580 2294 etc
1594 2253 1638 2308 prs
1655 2239 1709 2296 alio
1725 2237 1839 2296 imerus·

184 2307 351 2379 pupillorum
368 2313 499 2369 matre&
519 2310 728 2370 indemnitatem
745 2319 921 2378 promittente
937 2310 996 2366 udi-
1027 2307 1095 2376 nire,
1106 2304 1216 2380 seilicet
1233 2309 1262 2364 in
1281 2307 1380 2377 perdicio
1395 2310 1455 2369 sine
1471 2310 1616 2380 andsto,
1634 2315 1690 2368 sive
1707 2311 1838 2378 tunquim

187 2373 329 2502 vit5bQua
348 2380 482 2507 inlsfiecie
508 2383 571 2454 quia
589 2383 686 2441 mulier
704 2397 760 2436 non
777 2375 884 2447 pupillis
910 2377 996 2435 credi·
1025 2371 1180 2433 defensores
1189 2393 1298 2434 reorum
1308 2391 1476 2449 vocatorum,
1493 2381 1552 2437 sire
1567 2395 1697 2449 tanqurm
1745 2393 1839 2436 ocor»

188 2461 245 2504 tort
265 2465 295 2505 us
340 2467 378 2507 ser
424 2469 453 2507 er
489 2453 497 2502 i

185 2487 314 2575 aditione’
327 2533 417 2576 secuta
434 2519 563 2592 debitori,
581 2521 789 2579 indemnitatem
806 2519 938 2588 promisit,
956 2523 995 2572 vl-
1026 2529 1162 2595 peimi,
1177 2507 1204 2590 §·
1221 2515 1248 2574 5.
1266 2520 1332 2580 citri.
1349 2517 1381 2572 de
1397 2515 1491 2576 satisd.
1509 2519 1529 2574 l.
1547 2513 1592 2582 55.
1602 2517 1641 2590 ffl
1659 2518 1834 2588 depromat·

185 2587 246 2648 teri
265 2605 321 2648 non
340 2595 428 2658 potuit
444 2591 515 2660 apud
534 2589 665 2664 pupillos,
681 2591 727 2650 sed
745 2607 793 2660 pro
809 2587 931 2645 debitore
949 2603 995 2656 pu·
1025 2582 1107 2656 junii
1127 2597 1151 2652 1.
1173 2584 1213 2644 18.
1232 2587 1260 2642 C.
1279 2586 1312 2642 de
1327 2601 1457 2657 necarat.
1475 2590 1494 2646 Ι.
1513 2583 1557 2644 51.
1575 2583 1601 2664 n.
1615 2603 1671 2658 pre.
1685 2587 1723 2659 ff.
1741 2588 1775 2644 dt
1791 2609 1838 2648 ιιι»

185 2655 313 2727 pillosum
326 2661 402 2728 apud
419 2666 503 2728 ipsum
520 2661 669 2720 debitorem
688 2657 885 2717 intercessisse.
901 2654 995 2712 Simili
1020 2671 1072 2729 got.
1087 2652 1188 2728 gestis)
1205 2672 1238 2712 ac
1254 2657 1370 2726 deniqne
1385 2677 1432 2714 nec
1446 2672 1632 2730 procuratores,
1649 2659 1768 2730 adeoque
1785 2677 1836 2718 nec

181 2729 276 2800 modo,
312 2729 357 2786 uia
375 2742 488 2798 tutores,
505 2731 602 2799 pradis
618 2729 761 2802 pupillaris
778 2727 997 2785 cumderrimens
1024 2741 1058 2784 ex
1076 2725 1207 2800 mandato
1221 2743 1270 2792 pro
1279 2725 1342 2782 aliis
1351 2728 1381 2782 in
1393 2725 1492 2795 judicio
1508 2739 1597 2786 mate:
1616 2743 1697 2798 stote
1712 2734 1752 2786 ita
1765 2745 1835 2790 ento·

177 2809 215 2872 to
230 2747 393 2867 pupillorum
410 2799 611 2872 distrahentes,
640 2803 704 2859 inde
722 2797 829 2869 pupillis
854 2815 886 2856 eu
904 2795 994 2856 tutele
1024 2800 1175 2878 metatione
1193 2793 1242 2852 tuli
1259 2793 1430 2877 significatur
1448 2793 1573 2856 l'oerninss
1589 2796 1762 2858 abomnlbus
1779 2797 1834 2856 illle

178 2867 285 2935 iudicio
300 2865 438 2926 debitores
456 2867 541 2927 futuri
551 2882 648 2941 erent,
666 2871 729 2928 ideo
745 2868 841 2926 mulier
858 2868 921 2936 ipsis
938 2869 993 2925 dis·
1023 2859 1133 2934 officiis,
1150 2883 1208 2935 que
1225 2864 1259 2922 ud
1276 2866 1406 2934 judicium
1422 2869 1581 2939 pertinent,
1598 2867 1736 2928 abstinere
1752 2885 1835 2939 opor·

182 2932 347 2993 traillonem
373 2939 488 2994 suadens
505 2955 537 2994 ac
554 2939 763 2998 indemnitatem
780 2940 992 3008 promittens&
1023 2945 1104 2993 tere..
1125 2931 1186 2993 Nec
1201 2933 1274 2993 reiie
1291 2939 1450 3020 regesteris,
1477 2939 1614 2997 nmrinem
1633 2937 1722 2995 favori
1739 2955 1790 3007 pro
1804 2956 1835 2996 se

179 3009 221 3060 ita
238 3021 288 3072 pro
306 3005 401 3066 iisdem
419 3007 488 3076 apud
506 3008 613 3064 eosdem
630 3012 828 3078 interveniens,
845 3025 930 3077 neque
945 3023 993 3064 ve-
1022 3000 1180 3062 introdublo
1196 3007 1374 3076 renunciare,
1399 3007 1505 3079 quoties
1528 3009 1628 3066 vitium
1648 3023 1698 3068 aut
1714 3005 1833 3068 dessilus

180 3085 267 3132 terem
285 3091 478 3141 nequenovam
495 3075 690 3147 obligationem
706 3079 824 3136 alienam
840 3078 993 3147 suscepisse,
1021 3091 1156 3147 persone,
1184 3072 1268 3134 veluti
1285 3081 1483 3135 minorennitrs
1508 3092 1556 3136 aut
1573 3096 1655 3138 sexus
1676 3070 1837 3152 fragilitas,

179 3143 229 3202 sed
239 3146 333 3222 ‘ipsam
350 3141 444 3203 fecisse
461 3143 534 3204 hanc
552 3145 761 3221 obligationem,
789 3165 839 3204 nec
856 3147 992 3215 exceptio-
1022 3143 1163 3214 privilegio
1177 3157 1287 3202 cruram
1304 3146 1396 3216 dedits
1412 3149 1546 3224 minorem
1563 3149 1625 3208 ideo
1641 3165 1697 3208 non
1707 3146 1834 3208 remere-

179 3213 380 3282 ne‘ruvandam
391 3232 464 3286 esse,
484 3213 615 3286 Ulpi-nnus
633 3219 663 3274 in
680 3217 708 3275 d.
728 3220 746 3274 Ι.
763 3212 790 3274 8.
808 3211 834 3290 i.
855 3234 878 3271 r.
896 3217 990 3274 docet.
1023 3215 1152 3270 nunciare
1170 3221 1256 3273 etatis
1272 3213 1378 3274 auxilio
1395 3234 1440 3274 seu
1456 3219 1832 3290 restitutionir'quodrutenr

178 3281 222 3341 De
239 3295 331 3342 cetero
347 3302 402 3342 non
422 3286 545 3357 interest,
563 3303 673 3362 proquo
691 3286 881 3354 intercesserit,
899 3297 993 3344 utrum
1021 3285 1174 3341 inminere
1191 3297 1266 3355 aetas,
1281 3283 1312 3344 id
1330 3290 1360 3342 in
1374 3286 1490 3363 ¹rtrtrliere
1506 3305 1586 3345 sextis
1604 3286 1782 3362 fragilitatem
1799 3305 1831 3347 o·

166 3369 238 3424 tpro
249 3366 393 3432 extraneo,
411 3371 446 3410 an
466 3373 516 3423 pro
533 3353 679 3424 contundis
697 3374 827 3429 persons,
853 3355 941 3414 veluti
958 3353 992 3411 ri-
1021 3354 1126 3421 perari.
1154 3351 1301 3416 Sciendum
1322 3357 1397 3414 enin
1442 3357 1473 3414 in
1500 3355 1649 3424 minoribus
1665 3357 1773 3433 quidem
1789 3371 1831 3416 et-

176 3425 234 3493 lio,
263 3422 306 3482 vel
324 3437 419 3498 putre,
446 3425 464 3482 Ι.
483 3429 508 3483 ιι·
525 3445 588 3482 cum
604 3429 656 3493 ipse
673 3425 699 3486 5.
718 3427 736 3485 l.
755 3427 780 3483 ri
794 3441 938 3498 paternam
963 3422 989 3484 8.
1020 3429 1075 3480 iam
1091 3436 1152 3492 post
1167 3424 1397 3490 certiorationem
1439 3422 1538 3500 treicii,
1555 3429 1625 3498 quod
1643 3432 1716 3489 aetati
1732 3429 1832 3487 adver·

180 3493 211 3550 0.
231 3492 256 3550 b.
276 3509 297 3550 r.
347 3561 353 3572 ι
1010 3511 1063 3574 Δςιιι
1081 3491 1215 3558 lesionem
1232 3497 1347 3560 consedi
1361 3495 1453 3568 solet,
1476 3496 1678 3570 renuntiarere,
1694 3493 1830 3556 deieilum

207 3577 237 3636 9.
256 3563 350 3622 Cessat
370 3561 426 3622 haec
443 3571 566 3636 exceptio
583 3566 705 3637 pluribus
721 3569 753 3624 in
770 3565 897 3634 casibus‚·
915 3580 989 3643 puta,
1019 3565 1131 3633 judiciis
1148 3583 1202 3635 quo
1219 3563 1260 3635 iit,
1278 3577 1319 3638 ut,
1335 3583 1389 3639 que
1399 3567 1550 3628 teneritate
1566 3565 1830 3628 adeuntrahendum

177 3635 203 3693 si
221 3633 318 3694 mulier
334 3635 361 3692 ei
379 3639 588 3716 renunciaverit,
605 3640 680 3712 quod
695 3653 803 3709 potest,
821 3649 879 3694 tum
897 3635 926 3690 in
946 3643 992 3704 ιιι,
1018 3646 1214 3758 Erocesserunt,
1230 3635 1323 3700 eadem
1340 3642 1443 3708 qrioque
1460 3654 1511 3696 suo
1526 3650 1617 3696 essem
1634 3637 1830 3696 aetmisisuxi·

174 3705 257 3774 dicio,
274 3717 333 3763 tum
350 3719 430 3762 extra
448 3707 591 3778 padicium,
616 3709 644 3768 si
662 3705 783 3766 beneficii
800 3708 842 3764 sui
859 3711 988 3762 certiore-
1031 3705 1057 3759 ‘o
1075 3706 1278 3763 renuntiaturi:
1305 3716 1335 3762 at
1351 3722 1386 3765 ert
1404 3724 1457 3776 quo
1473 3705 1571 3766 mulier
1594 3707 1672 3778 plene
1694 3703 1827 3767 instnrilu

171 3785 202 3832 tn
219 3775 255 3833 sit
267 3777 355 3854 'lquia
372 3781 402 3832 in
416 3777 539 3835 mulieris
557 3775 707 3837 utilitatem
724 3779 753 3836 dr
763 3774 884 3835 favorem
901 3774 931 3833 id
942 3775 987 3832 in·
1018 3770 1110 3845 suerit,
1127 3789 1182 3843 <iiie
1192 3775 1392 3834 intercessionis
1408 3776 1527 3847 mmreln,
1538 3781 1639 3850 unique
1646 3773 1828 3848 effeilrnsint,

171 3811 329 3932 trodussum
344 3857 393 3916 est,
411 3849 440 3906 dt
452 3849 500 3904 cu·
571 3849 635 3905 llcet
658 3846 709 3918 iuri
727 3865 777 3916 pro
794 3841 988 3932 reintrodublo
1016 3842 1220 3914 repletumque
1237 3857 1296 3914 post
1313 3847 1534 3908 intercessionem
1555 3862 1651 3917 premo
1667 3865 1828 3932 hommes-

171 3933 335 3976 renuncrare
381 3917 399 3972 Ι.
419 3917 469 3974 uit.
518 3933 601 3990 ,ριιι
618 3915 651 3990 ff.
671 3916 697 3976 b.
715 3933 738 3975 ι.
756 3918 775 3972 Ι.
802 3937 849 3987 pm
864 3927 987 3983 erupere-
1017 3932 1053 3984 se,
1071 3915 1284 3982 presumendum
1301 3933 1358 3974 non
1376 3930 1426 3991 est,
1444 3913 1537 3976 eadem
1553 3935 1631 3977 extu
1654 3917 1828 3978 imbecillite-

173 4006 236 4046 ttem
254 3985 297 4056 io.
308 3957 354 4058 ff.J
363 3984 401 4052 dr,
412 3985 522 4046 condiri.
540 3987 626 4046 indii.
647 3983 731 4058 junii.
751 3987 770 4045 Ι.
784 4001 843 4058 perr.
862 3984 987 4055 udepa-
1016 3993 1044 4040 te
1062 4001 1108 4054 per
1126 3983 1264 4042 mulierem
1273 3979 1416 4054 Vellejano
1433 3988 1620 4046 renunciatum
1637 4007 1703 4060 esse,
1719 3987 1828 4059 qrrain·

173 4059 236 4128 iiis,
253 4057 317 4116 diss.
336 4053 469 4115 Donellus
487 4075 627 4121 commest-
639 4061 700 4130 jur.
717 4057 788 4116 civil.
805 4054 864 4116 libr.
878 4069 917 4112 ra.
928 4071 985 4124 cap.
1017 4054 1140 4123 tercedit,
1157 4055 1223 4134 dum
1240 4058 1330 4114 minus
1346 4055 1442 4114 mulier
1458 4073 1540 4126 quarn
1557 4058 1689 4116 nusctrlus
1706 4059 1826 4118 creditur

171 4123 216 4184 52.
234 4145 301 4186 vrrs.
320 4130 498 4200 praesumsi
516 4129 599 4187 modo
615 4127 782 4200 specialiter,
799 4144 856 4186 non
874 4142 986 4200 genera·
1016 4121 1086 4182 velle
1101 4139 1180 4182 erum
1202 4119 1320 4194 radiaret
1346 4125 1392 4184 sed
1409 4130 1496 4198 magis
1516 4143 1598 4186 omne
1617 4127 1825 4187 intercessionis

171 4195 235 4256 liter
253 4210 378 4270 tentum,
406 4197 469 4256 huic
487 4197 619 4260 beneficio
636 4201 826 4258 renunciatum
842 4196 897 4277 sit,
924 4211 986 4254 cum
1015 4193 1250 4267 impedimentum,
1266 4213 1345 4254 sexus
1362 4211 1456 4266 nempe
1473 4192 1626 4269 fragilitas,
1643 4216 1691 4268 per
1707 4199 1827 4258 lesionis

171 4273 219 4328 vlit
236 4267 355 4328 ullamne
376 4269 434 4326 sint
451 4270 550 4328 virium
575 4267 713 4343 generales
740 4272 769 4329 dr
787 4285 860 4340 vege
887 4271 985 4338 jurium
1015 4265 1183 4322 imminentis
1204 4267 1233 4323 iit
1253 4261 1378 4346 beneficii
1393 4269 1828 4336 commemoraricormmem-

168 4343 294 4398 ournium
311 4343 340 4399 dr
357 4345 551 4411 exceptionum
568 4345 809 4409 renuntiationes,
826 4353 884 4422 arg.
902 4335 921 4418 Ι.
939 4333 990 4390 sed
1013 4334 1047 4392 de
1065 4331 1233 4418 subsecutam
1257 4353 1314 4404 ertu
1338 4339 1574 4396 renunciationem
1599 4337 1738 4398 sublatum
1764 4355 1825 4401 est.

166 4409 203 4473 et
221 4414 246 4468 ri
261 4412 318 4483 puis
337 4409 363 4476 tl·
382 4413 420 4482 ff.
437 4429 552 4482 quatum
569 4410 596 4480 4.
608 4409 647 4482 ff.
663 4415 688 4468 ri
711 4414 753 4467 uit
771 4425 844 4466 caut.
863 4404 985 4486 terrariis.¹
1042 4403 1095 4464 uod
1112 4407 1140 4464 δι
1151 4399 1291 4464 hodiernis
1307 4404 1426 4474 moribus
1440 4405 1595 4477 plenissime
1610 4411 1827 4484 mnprobsrurn,

168 4483 228 4540 risr.
246 4499 323 4552 taur,
333 4477 405 4554 fabi.
431 4501 483 4539 nort
500 4481 552 4541 obt,
580 4481 669 4541 Andr.
725 4477 781 4604 all.
809 4477 868 4537 libr.
886 4493 913 4534 a.
931 4473 983 4532 ebs.
1039 4473 1169 4532 achineus
1184 4490 1297 4540 cumton.
1314 4473 1373 4535 libr.
1394 4494 1471 4536 i..t·a
1486 4477 1559 4541 ebo.
1576 4475 1694 4538 Grotius
1711 4487 1828 4544 remed,

205 4571 334 4610 ⁸rrrrrrrrr.
353 4547 383 4607 3.
399 4548 433 4613 tlt
449 4571 516 4625 seqq.
541 4549 602 4612 Nee
619 4549 694 4609 teile
718 4568 736 4609 o
755 4545 866 4619 jicitur,
891 4547 983 4605 eodem
1014 4543 1148 4630 adjftiiig
1175 4543 1249 4602 iiiii.
1263 4539 1321 4630 ΙΙΙ.
1339 4539 1400 4603 5.c
1436 4491 1488 4606 i
1507 4563 1595 4624 e..-27·
1619 4546 1714 4609 Sande
1740 4551 1826 4612 decit.

180 4621 301 4681 acilittte
318 4639 379 4680 eam
397 4629 620 4680 renunciaturum
665 4635 717 4690 qus
732 4619 895 4704 intercedit,
922 4616 940 4673 Ι.
960 4619 986 4694 si
1014 4615 1107 4675 Frrrrc.
1124 4611 1186 4670 libr.
1204 4606 1231 4675 3.
1246 4631 1292 4672 ιιι.
1312 4631 1355 4672 ιι.
1372 4614 1404 4674 rie
1424 4633 1473 4675 nrt.
1499 4616 1526 4678 6.
1542 4616 1633 4680 Andr
1649 4617 1734 4695 Gaul.
1761 4619 1834 4683 libra.

167 4694 267 4751 mlier
281 4689 401 4767 persedit
416 4705 459 4748 22.
478 4692 504 4747 C.
524 4690 552 4748 b,
569 4709 590 4747 t.
610 4661 678 4751 lion
695 4706 771 4749 enim
787 4687 861 4750 eliud
878 4685 928 4744 rlla
942 4684 982 4744 le-
1014 4703 1040 4744 a.
1058 4679 1154 4744 obseru-
1173 4699 1218 4758 77.
1236 4681 1448 4759 Groenevegen
1465 4685 1540 4750 adi.
1557 4688 1607 4750 ult.
1615 4684 1656 4759 ff
1675 4687 1826 4766 henrice

164 4777 200 4839 ge
215 4765 353 4840 anstimr,
369 4779 463 4838 quem,
476 4767 534 4834 peri
552 4758 685 4822 fauisse
701 4757 843 4822 mulierem
859 4757 976 4820 muru
1015 4769 1047 4818 ut
1064 4773 1115 4816 nec
1132 4751 1169 4814 ub
1184 4771 1341 4830 enormem,
1367 4773 1447 4829 quem
1463 4775 1498 4822 ert
1515 4763 1707 4844 intercessione,
1731 4780 1764 4834 sc
1774 4779 1827 4834 its

517 2453 615 2508 tutoris
632 2470 665 2522 err
682 2450 804 2522 gestione
829 2443 952 2506 defunbli
967 2451 994 2506 dr
1026 2439 1125 2528 juniiis
1141 2449 1263 2513 personis
1280 2459 1391 2518 egentes
1407 2447 1516 2522 (qualia
1537 2449 1612 2520 viris,
1629 2467 1686 2506 non
1780 2453 1839 2522 nis,
1887 2495 1890 2500 .
1964 2471 1968 2480 ·
