4022 5352
652 221 917 310 Ususrudunriut
941 229 1121 306 tuemndm
1146 243 1272 299 caveat.
1659 249 1725 383 ιζ]
1811 291 1813 296 ,

121 318 252 396 requisiti
267 315 383 394 dominil
398 313 453 376 abi
470 315 526 374 alia
543 313 678 390 debrtlssn
696 324 931 390 prospicers·.csu-
963 337 1008 381 cer
1024 324 1121 398 cuique
1137 327 1179 383 cui
1196 324 1264 397 juris
1280 327 1494 394 persennlonem
1512 334 1559 384 aut
1585 339 1666 396 spem·
1706 339 1774 382 tura

123 397 218 454 tione.
918 405 923 410 “’
961 399 1140 464 perceptionis
1156 397 1320 456 deteriorem
1339 395 1444 466 lacere,
1471 397 1488 454 l.
1505 411 1616 466 pactum
1633 399 1701 452 intes
1726 389 1772 461 tn.

160 475 185 536 7.
203 455 275 523 Sunt
292 471 385 520 autem
408 476 502 531 casu,
528 455 627 532 qulbus
653 459 765 518 semime
792 461 934 520 invenitur
960 461 1040 534 Μ
1057 470 1160 538 pneris,
1185 483 1248 525 cum
1274 478 1366 524 moun
1394 464 1441 522 illa
1466 469 1560 524 cautio
1583 467 1666 523 etiarn
1690 461 1794 523 simul.

123 535 238 592 cavendi
256 533 419 596 necessitati
445 547 508 585 nam
525 533 611 586 etsia
637 531 762 606 carrione
780 529 849 590 liber
876 551 932 592 non
961 550 1137 596 concerneret
1155 533 1276 596 semrom
1298 539 1453 605 tutetorisp
1479 539 1581 594 rationi
1607 539 1774 592 conveniens
1809 593 1817 610 ,

122 607 178 676 rit,
194 608 237 662 cui
257 615 371 660 testamr
388 596 583 658 usrtmfrudlum
650 619 683 671 e,
710 600 759 659 sub
775 603 933 664 conditione
960 620 1021 678 est,
1049 607 1130 682 longe
1147 613 1232 682 magis
1249 607 1373 667 heredem
1397 605 1469 664 hanc
1496 625 1571 676 posse
1597 603 1775 663 inrdiuariam

125 676 322 748 proprietatem
334 669 462 742 reliquit,
477 671 543 728 dum
559 670 595 727 du
615 672 672 730 ium
687 683 729 732 est
746 669 783 728 ob
801 675 933 732 incertum
962 679 1100 736 remittere
1116 684 1285 750 cautionem,
1303 696 1361 748 que
1378 676 1461 734 solitis
1480 676 1585 735 heredis
1601 677 1710 746 respicit
1719 679 1773 732 uti-

122 745 290 812 conditionis
306 755 454 812 eventum,
470 757 506 796 en
524 759 643 811 unquam
659 743 814 812 proprietati
845 747 933 804 domi·
962 745 1085 820 litatem,
1102 759 1133 806 ut
1152 751 1181 804 in
1199 748 1372 820 sequentihus
1388 745 1509 815 patebit.
1538 743 1636 814 Neque
1662 745 1712 802 tali
1731 765 1774 805 re·

123 817 201 876 nium
218 811 363 884 adepturus
380 817 416 870 sit
451 809 471 866 l.
489 831 577 894 omues
594 805 621 866 5.
658 811 734 870 ,ιιι
747 816 797 870 essi
813 762 839 867 d.
851 809 889 886 ff.
907 811 931 874 b.
961 819 1087 874 missione
1106 815 1148 875 vel
1166 819 1244 877 dolus
1261 820 1296 875 de
1313 815 1406 875 futuro
1423 819 1590 888 rmrittitur,
1612 817 1684 886 quod
1714 813 1773 872 heri

118 902 145 944 r..
163 900 220 944 non
240 898 330 940 tamen
348 884 398 940 sa*
448 891 478 952 t,
504 899 548 938 cur
565 881 729 941 tmurudius
760 901 843 954 pure,
869 903 933 954 pro-
962 905 1018 942 non
1036 900 1238 956 posseconstat
1255 905 1289 946 err
1307 889 1325 942 l.
1345 890 1454 944 siccus
1473 899 1517 958 27.
1536 887 1573 956 ti.
1592 885 1667 942 iliud.
1695 881 1720 940 5.
1734 879 1771 955 ff

123 961 225 1025 prietas
243 953 361 1032 indiam
378 951 465 1025 legata
483 962 544 1018 est,
562 953 624 1020 quia
642 969 735 1010 vertum
750 967 810 1026 ert,
826 953 934 1014 adesus
961 953 994 1012 de
1007 961 1101 1028 passis,
1111 955 1155 1016 vel
1174 955 1335 1018 frudiuariue
1352 957 1387 1013 td
1404 957 1612 1026 delinquendum
1627 956 1773 1023 invitatur,
1827 1011 1840 1016 -

125 1023 171 1082 vel
189 1021 319 1083 haeredem
335 1040 390 1090 etus
417 1040 466 1090 pro
485 1023 608 1080 rietatem
635 1037 836 1094 perventuram,
861 1025 881 1082 l.
909 1028 934 1082 si
961 1043 1025 1084 eum
1041 1027 1221 1088 nihilominus
1236 1031 1272 1094 :&
1297 1028 1332 1085 de
1357 1027 1460 1084 damno
1484 1030 1512 1085 dr
1539 1027 1573 1084 de
1599 1025 1772 1088 maritatione

124 1091 210 1168 usapss.
228 1105 253 1164 9.
271 1085 296 1166 §-
312 1093 390 1162 plane
407 1107 432 1148 a.
476 1089 527 1150 .b.
547 1108 568 1148 t.
587 1109 642 1150 nec·
661 1089 757 1167 hscus,
784 1113 841 1168 erg.
867 1094 887 1151 l.
910 1113 932 1151 r.
961 1095 1035 1154 estio
1051 1098 1186 1169 supersit,
1203 1110 1234 1156 ut
1253 1107 1315 1167 post
1332 1097 1459 1162 diceturc
1482 1099 1535 1152 nisi
1554 1095 1678 1154 heredem
1696 1095 1773 1151 dixe·

125 1159 163 1234 ff.
183 1167 206 1222 si
223 1162 263 1218 asi
273 1161 368 1231 fiscum
389 1157 428 1218 18.
460 1180 516 1219 ,ut
535 1161 667 1236 legansrss
681 1159 932 1234 fideiccausaccv.
962 1167 1052 1224 risad
1069 1167 1280 1236 delinquendum
1297 1170 1418 1235 invitari,
1436 1167 1539 1223 cumei
1557 1166 1649 1222 cautio
1667 1165 1772 1238 legato·

126 1251 176 1292 nec
195 1246 268 1301 pater
286 1227 480 1292 usumfrudiutn
499 1229 601 1291 habens
619 1239 647 1290 in
666 1233 823 1292 adventitiis
841 1231 932 1292 filiifa-
962 1252 1022 1292 rum
1039 1244 1149 1296 nomine
1166 1255 1212 1306 per
1229 1249 1389 1296 testttorern
1406 1239 1515 1292 remisse
1532 1245 1593 1304 estt
1610 1238 1638 1293 tir
1649 1251 1772 1292 commo·

125 1303 216 1362 titilius
252 1303 270 1358 l.
289 1303 338 1360 ult,
356 1297 381 1377 §.
400 1303 442 1358 sicr
460 1301 598 1372 auremd.
624 1303 653 1360 irs
669 1301 723 1372 fine
749 1303 776 1360 C.
802 1301 836 1360 dc
861 1304 933 1363 bouis
961 1305 1118 1380 datarium,
1135 1315 1253 1376 precario
1271 1319 1408 1366 tenentem
1418 1345 1435 1374 ,.
1444 1307 1647 1376 deposuerim,
1664 1309 1774 1362 nutus·

125 1394 178 1446 qua
200 1375 218 1428 li
234 1373 303 1440 cris,
321 1372 486 1440 Carpwvius
503 1367 647 1460 defictis
664 1389 733 1442 pavr.
752 1390 779 1431 a.
796 1393 931 1434 caustro.
961 1377 1082 1448 tarium,
1109 1375 1259 1449 similesque
1277 1377 1310 1436 ud
1329 1381 1528 1434 restitutionem
1548 1376 1650 1433 &doli
1677 1375 1773 1443 culpo·

125 1437 177 1572 ἐῶ
195 1457 222 1516 9.
241 1439 451 1516 Groenewegon
471 1441 714 1502 reassumit.
732 1459 832 1514 a..cap.
850 1439 932 1520 ipss.
961 1464 1011 1518 que
1039 1452 1236 1516 pretationem
1247 1447 1406 1519 obligatos,
1432 1448 1543 1514 quoties
1556 1443 1594 1500 ab
1610 1443 1664 1500 illis
1681 1446 1775 1502 esurio
1794 1497 1797 1504 ,

145 1553 153 1568 .
170 1509 309 1584 Responsa
328 1511 420 1572 lCtor.
431 1505 563 1572 Holland.
580 1529 650 1584 pars.
663 1527 684 1568 ι.
696 1515 784 1572 cosssil.
795 1515 932 1588 57.quaesr.
963 1534 1013 1586 pro
1030 1519 1205 1576 restitutione
1222 1535 1254 1574 ac
1281 1517 1493 1576 deterioratione
1519 1521 1604 1585 petita
1631 1533 1688 1572 non
1714 1527 1776 1585 est,

99 1651 104 1662 ι
127 1599 153 1640 ιι.
171 1580 242 1656 quod
261 1579 342 1642 hodie
360 1581 520 1640 admatrem
536 1583 617 1642 etiam
635 1585 750 1642 extendi
759 1599 856 1658 posset,
867 1606 933 1658 quo-
963 1601 1010 1642 nec
1029 1593 1081 1654 peti
1098 1599 1201 1654 potem
1220 1587 1390 1648 Testatorern
1408 1586 1479 1655 qnod
1498 1592 1616 1655 attinet,
1633 1601 1697 1640 eum
1715 1600 1772 1644 non

128 1655 179 1712 ties
196 1665 359 1714 testamento
375 1653 490 1710 cavendi
508 1655 653 1712 necessitas
672 1656 782 1712 rentusa
797 1670 846 1726 est,
859 1658 934 1725 quasi
962 1673 1038 1724 posse
1050 1659 1193 1714 remittere
1208 1659 1364 1716 cautionem
1382 1652 1578 1724 fremorem,
1605 1656 1696 1712 verius
1711 1665 1772 1720 ests

126 1725 325 1782 communicato
341 1737 402 1782 cum
420 1721 552 1780 matribus
577 1719 634 1792 jure
660 1721 728 1796 illo,
754 1725 824 1796 quod
851 1724 933 1785 hodie
962 1723 1043 1794 idque
1061 1744 1118 1782 nnn
1135 1727 1218 1787 modo
1232 1738 1364 1799 quintum
1382 1727 1416 1784 ad
1434 1743 1492 1782 eam
1509 1727 1646 1782 motionis
1657 1735 1771 1794 partem,

127 1794 248 1866 patribus
266 1811 300 1850 err
319 1795 402 1852 veteri
420 1805 537 1860 superest
554 1799 641 1862 petria
660 1807 800 1866 potestate.
819 1791 933 1868 Quoia·
961 1793 1068 1866 quade
1085 1795 1189 1856 utendo
1207 1789 1273 1854 boni
1292 1795 1343 1854 vin
1361 1795 1495 1854 arbitratu
1512 1807 1641 1861 coarcepte
1655 1805 1717 1858 ests
1743 1807 1773 1850 ut

128 1871 187 1934 cit,
203 1866 277 1934 quod
290 1881 323 1922 ex
339 1859 397 1952 jure
415 1859 544 1923 Romano
561 1868 642 1922 matri
666 1863 702 1920 ad
729 1879 791 1922 vota
818 1869 935 1924 secunda
961 1869 1025 1922 satis
1042 1863 1121 1934 plane
1139 1879 1218 1938 atque
1236 1865 1309 1924 clere
1326 1869 1477 1935 sancitum,
1495 1871 1529 1920 in
1543 1864 1563 1920 l.
1580 1880 1638 1932 pm.
1657 1863 1685 1918 C.
1704 1877 1733 1918 as
1744 1867 1774 1920 iss
1793 1905 1798 1918 .

128 1938 289 2006 transeunti,
302 1937 329 1994 dt
340 1947 378 1988 sta
396 1939 586 2004 proprietatem
604 1931 759 1994 territorum
775 1934 934 2004 sibiaprio-
960 1949 1066 2004 possess.
1084 1936 1161 2010 isgat.
1179 1937 1225 1994 sed
1242 1939 1270 1996 dr
1289 1935 1400 1994 alterius
1417 1931 1529 1992 membri
1547 1938 1658 2003 intuitu,
1676 1934 1774 2004 quode

125 2024 156 2064 re
173 1999 285 2078 conjuge
307 2004 467 2070 amittenti,
493 1999 536 2060 hic
555 2001 643 2073 honor
670 1999 722 2062 fuit
751 2002 877 2076 habitus,
904 2015 934 2062 ut
962 2023 990 2061 re
1009 1999 1246 2066 finito-usufrudiu
1262 2007 1575 2065 restintendtcovetnr:
1595 2003 1665 2072 <prod
1685 2002 1795 2062 abun.

126 2091 174 2146 pro
191 2077 255 2132 solis
272 2071 439 2142 mobilibus,
457 2089 512 2128 non
533 2091 596 2130 vero
614 2071 799 2132 immobilibus
816 2094 931 2144 expone-
961 2077 995 2133 de
1012 2077 1165 2147 evincitur,
1182 2094 1216 2132 ex
1234 2077 1252 2132 i.
1270 2081 1295 2134 si
1309 2079 1423 2144 pecunia
1438 2075 1465 2134 6.
1476 2071 1515 2144 ff.
1526 2091 1555 2129 ur
1574 2078 1602 2130 in
1617 2090 1723 2143 possess.
1734 2075 1773 2128 le-
1790 2123 1794 2132 ,

126 2155 168 2203 ret
188 2145 258 2215 apud
277 2142 377 2204 liberos
394 2143 613 2218 satisdationem,
634 2145 651 2201 i.
671 2143 719 2204 bac
737 2144 847 2204 editicii
862 2143 889 2202 6.
906 2139 932 2219 d.
958 2162 1017 2219 gar.
1036 2145 1159 2218 nornine,
1184 2145 1250 2206 ul.
1281 2165 1304 2203 r·
1324 2147 1352 2202 C.
1371 2143 1405 2202 le
1433 2141 1591 2216 usufructu,
1618 2142 1684 2212 ubi,
1710 2159 1775 2203 csttn

130 2233 154 2273 r.
181 2215 209 2270 C.
229 2213 268 2270 de.
278 2213 382 2272 secund.
401 2212 514 2282 nuptiis.
534 2211 747 2286 Quamvisaliis
765 2211 882 2286 placcat,
900 2236 934 2274 ne
962 2232 1029 2272 uxor
1047 2215 1147 2272 marito
1163 2221 1285 2274 omniurn
1304 2213 1436 2274 bonorum
1463 2215 1612 2283 reliquisset
1640 2209 1776 2270 usumfru-

127 2290 197 2355 patti
215 2285 323 2354 quidem
341 2283 421 2342 hodie
439 2283 575 2340 remissam
595 2286 680 2344 videri
696 2293 861 2358 cautionem,
885 2303 933 2344 ua·
962 2283 1053 2356 ilum,
1079 2305 1111 2342 ac
1128 2287 1283 2344 cautionem
1299 2285 1335 2342 ab
1352 2303 1386 2342 eo
1410 2285 1482 2356 exigi
1510 2283 1705 2353 prohibuisset,
1740 2279 1775 2340 ab

127 2355 150 2412 si
169 2357 191 2409 is
208 2368 274 2412 esset
292 2373 326 2412 ex
345 2351 402 2423 iure
421 2351 547 2418 Romano
569 2354 712 2424 peculiaris
737 2307 934 2412 effsdius-lllius
964 2353 1030 2426 imp.
1049 2359 1208 2426 rescriptum
1226 2351 1298 2425 luit,
1317 2375 1368 2414 non
1386 2358 1464 2412 alim
1482 2357 1613 2412 misticum
1632 2375 1650 2408 a
1674 2349 1776 2408 debito*

126 2423 219 2496 patrie
237 2429 394 2494 potestatis,
411 2441 466 2491 qus
486 2424 608 2492 nuspiam
626 2423 706 2486 hodie
723 2441 860 2496 superest,
886 2439 933 2484 sut
962 2424 1033 2483 ribus
1052 2427 1168 2486 solutam
1182 2427 1322 2496 pecuniam
1340 2427 1454 2496 accipere
1470 2439 1558 2494 posse,
1577 2445 1658 2495 quarn
1682 2421 1775 2480 oblata

102 2521 105 2533 =
126 2493 223 2552 saltem
240 2493 353 2550 arbitrio
369 2491 464 2564 judicis
482 2493 508 2550 id
526 2497 749 2556 committendum
767 2514 876 2568 esse,an
887 2515 934 2564 pa·
963 2496 1105 2554 sansucium
1115 2493 1240 2569 ferinam
1257 2497 1476 2554 senatusconsulti
1494 2497 1622 2552 acutione.
1633 2489 1701 2564 Quo
1713 2511 1793 2552 ver-.

127 2569 201 2620 renti
218 2565 377 2642 imponenda
396 2565 431 2622 sit
450 2565 550 2633 cautio,
569 2584 618 2622 nec
636 2585 689 2638 ne,
710 2563 744 2623 ii.
800 2585 890 2629 meren
902 2565 934 2620 ds
963 2563 997 2624 ba
1015 2584 1070 2623 non
1088 2567 1122 2624 de
1139 2565 1193 2623 alia
1209 2568 1343 2626 cautionis
1362 2579 1435 2638 parte
1455 2557 1676 2631 redieacceperis,
1693 2577 1795 2634 quam¹

121 2635 189 2707 jure
206 2653 336 2690 novercas.
356 2649 413 2703 cap.
437 2650 478 2690 rr.
497 2651 556 2690 sect.
576 2629 602 2690 3.
621 2655 646 2691 n.
667 2655 692 2694 v.
712 2639 740 2692 in
760 2636 834 2709 fiac.
863 2633 934 2695 iliud
963 2638 995 2696 de
1011 2653 1052 2709 ea,
1070 2655 1128 2708 que
1148 2631 1773 2709 pro‘restitutionesecuritatemprebetscnm

126 2716 251 2775 constat,
278 2707 461 2762 inventarium
487 2706 620 2776 omnino,
653 2709 675 2779 si
702 2709 817 2764 nurture
845 2711 935 2764 cautio
962 2708 1129 2780 depecunia
1146 2705 1261 2778 eradio,
1287 2703 1510 2779 adeoque,rebus
1537 2701 1776 2776 sungibilibusert

131 2775 279 2844 ciperente
296 2775 445 2844 prestanda
464 2782 519 2832 nori
544 2776 606 2846 sit,
633 2773 829 2834 conficiendum
860 2797 933 2835 esse.
965 2772 1020 2848 jure
1038 2771 1201 2836 nsusssuiins
1219 2777 1400 2846 accipiendis,
1418 2774 1456 2832 ibi
1475 2776 1587 2846 questio
1604 2785 1693 2840 esset,·
1709 2790 1777 2841 qua-

126 2841 338 2920 Groeneuvegen
361 2848 389 2904 dr
416 2843 580 2916 Carpznvius
606 2844 632 2902 A.
660 2847 687 2904 ll.
714 2850 749 2906 de
774 2850 877 2920 quo&
906 2851 934 2904 in
964 2864 1024 2906 rum
1041 2850 1144 2906 intuitu
1164 2866 1221 2905 non
1238 2847 1320 2921 aliam
1338 2862 1420 2918 quem
1436 2847 1471 2905 de
1487 2844 1653 2901 restituendo
1669 2845 1795 2900 cautio.

124 2933 196 3042 sergi
966 2935 1028 2976 nem
1046 2919 1201 2990 interponi,
1226 2933 1322 2974 notum
1340 2929 1397 2974 est.
1428 2909 1525 2984 Neque
1540 2925 1696 2972 enermtur
1721 2913 1778 2974 hec

183 2983 359 3042 ,Immunem
376 3003 478 3058 quoque
495 3005 511 3046 a
528 2995 654 3048 cautione
672 3009 728 3048 esse
755 2989 934 3060 donatorem,
963 2995 1099 3046 sententia
1117 3005 1151 3045 ex
1170 2989 1219 3058 eo‘,
1248 2989 1320 3057 quod
1337 2987 1474 3056 excipitur
1493 3003 1511 3040 a
1529 2983 1636 3056 Vinnio
1661 2981 1703 3040 hic
1721 2986 1779 3043 d'ts-
1849 3033 1853 3040 .

126 3059 173 3127 qui
189 3057 355 3124 proprietate
365 3073 409 3122 per
426 3055 616 3126 liberalitatem
625 3062 654 3116 in
664 3061 836 3118 donatarium
847 3073 934 3118 trans·
964 3061 1095 3121 sentiente
1112 3057 1198 3114 select.
1217 3075 1305 3130 quart.
1322 3053 1367 3114 lib.
1394 3077 1416 3114 ι.
1434 3071 1489 3124 cap.
1509 3067 1552 3125 29.
1572 3057 1601 3112 in
1620 3062 1695 3127 quasi
1715 3074 1777 3126 usu-

126 3127 205 3195 lata,
223 3124 276 3180 sibi
294 3130 438 3182 reservavit
456 3122 666 3201 usumfrublum,
695 3130 775 3204 uulgo
802 3144 936 3198 receptum
965 3125 1055 3186 imcru
1071 3127 1180 3197 quidem
1196 3125 1229 3186 de
1247 3127 1415 3188 restituendo
1432 3126 1586 3183 cautionem
1614 3129 1716 3182 remitti
1737 3139 1797 3189 rer,

123 3209 185 3260 ests
204 3211 265 3252 curn
285 3193 415 3263 placuerit
430 3199 593 3268 generaliter·
630 3218 693 3272 eos,
717 3201 813 3270 quiex
831 3199 935 3268 tibers-
966 3212 1101 3258 stamento
1119 3216 1175 3254 non
1194 3200 1326 3270 potuisse,
1344 3197 1537 3255 conuenienter
1556 3193 1582 3252 d.
1600 3195 1619 3250 l.
1644 3215 1666 3250 ι.
1686 3209 1714 3250 at
1727 3195 1779 3251 ali-

126 3265 206 3322 litate
223 3266 424 3322 conveniuntur
442 3265 580 3340 (adeoque
598 3243 626 3330 dt
644 3272 806 3328 donatorem
823 3273 857 3332 de
874 3289 936 3342 pro
965 3280 1006 3325 ter·
1025 3270 1053 3324 in
1073 3287 1137 3324 vero
1154 3270 1273 3327 servari:
1292 3287 1326 3326 ex
1345 3271 1471 3337 ratione,
1493 3265 1565 3335 quod
1585 3263 1758 3337 fungibilium

126 3336 241 3406 prietate
259 3351 348 3394 rernm
364 3337 526 3397 donatarum
546 3335 682 3398 usufrueiu
712 3339 791 3400 linito
817 3359 936 3400 conven-
966 3351 1096 3408 tanquam
1113 3358 1162 3396 usu
1178 3340 1447 3407 consumendarum,
1467 3336 1618 3392 vindicatio
1637 3337 1711 3394 nulla

126 3403 204 3478 tum)
222 3421 279 3461 non
298 3403 369 3465 ultra
388 3408 434 3479 id,
453 3409 523 3476 quod
542 3405 630 3468 facere
650 3425 778 3482 possunt,
801 3412 936 3468 damnan-
966 3409 1024 3466 so'la
1040 3404 1195 3481 condidio,
1219 3423 1277 3480 post
1296 3405 1403 3464 linitum
1421 3412 1495 3475 quasi
1521 3401 1716 3462 usumfrudium
1734 3425 1778 3462 su-

124 3475 172 3536 dos
189 3491 263 3548 esse,
281 3473 299 3530 l.
318 3477 405 3532 Diuus
427 3481 489 3534 lius
508 3475 549 3532 ad.
561 3474 600 3548 ff.
619 3479 651 3535 de
668 3503 716 3556 reg.
730 3481 852 3556 juvini.
869 3483 937 3537 inter·
967 3480 1068 3550 persii,
1086 3479 1104 3533 l.
1123 3475 1169 3534 boc
1187 3495 1316 3536 seratura.
1335 3475 1363 3533 5.
1383 3471 1448 3550 §.t
1466 3471 1500 3545 ff
1515 3471 1640 3548 deurmsr.
1659 3496 1714 3531 ear.
1727 3495 1777 3531 rer.

125 3567 165 3617 cop
189 3557 230 3619 ¹9·
249 3545 286 3616 ff.
310 3566 333 3603 ι.
346 3543 384 3618 ff
399 3545 477 3603 dc'rc
487 3547 638 3619 judicata,
658 3571 742 3622 neque
759 3555 937 3621 insupercum
966 3565 1020 3620 pase
1038 3568 1088 3625 μιν
1106 3567 1221 3605 consum.
1239 3559 1269 3605 ut
1289 3549 1400 3616 proinde
1420 3551 1448 3601 in
1472 3551 1599 3600 cautione
1626 3545 1777 3612 presidium

125 3618 255 3674 donatore
273 3628 329 3673 tam
348 3609 453 3690 rigide,
472 3631 552 3690 atque
569 3621 678 3690 quidem
696 3640 758 3680 cum
776 3623 838 3678 aliis
855 3638 937 3701 agen·t
968 3615 1053 3688 majus
1072 3614 1208 3688 maiorque
1234 3623 1362 3676 securitas
1389 3615 1528 3687 querende
1557 3609 1657 3680 fuerit,
1683 3631 1780 3672 contra

126 3685 191 3744 durn
207 3689 245 3742 sir
279 3688 294 3740 l.
316 3687 356 3742 ad
370 3707 409 3743 res
428 3689 541 3744 donatur
558 3687 601 3746 62.
614 3685 651 3762 ff.
680 3689 712 3748 de
739 3690 828 3748 adisis.
858 3691 937 3751 sdisi.
968 3704 1032 3746 sero
1050 3705 1138 3744 rerum
1156 3706 1211 3746 non
1231 3684 1406 3758 fungibilium
1431 3701 1562 3754 corpora,
1589 3679 1728 3740 usufrudin
1747 3679 1780 3739 h-

125 3727 275 3814 Andr..G’a
298 3757 315 3831 i,
333 3755 377 3814 lib.
397 3775 421 3812 2.
441 3758 540 3830 observ.
563 3759 620 3830 145.
639 3779 713 3819 num.
741 3761 789 3818 ult.
817 3759 938 3818 Pinellus
969 3765 1046 3826 nito,
1064 3757 1196 3819 vindicari
1215 3761 1317 3827 possint
1336 3769 1415 3828 atque
1432 3757 1596 3836 adeo-extra
1624 3755 1779 3836 cautionem

124 3823 199 3904 adl.
223 3842 246 3881 r.
285 3825 340 3881 .de
358 3826 430 3883 basis
449 3832 577 3888 maternis
594 3846 663 3900 psrrr.
680 3847 706 3888 2.
735 3851 761 3886 n.
790 3843 833 3910 79.
853 3828 938 3904 Myn-
969 3829 1116 3886 remedium
1134 3827 1168 3884 ad
1187 3829 1391 3885 indemnitatem
1410 3829 1626 3896 potentissimum
1658 3841 1778 3894 proptre-

122 3897 248 3972 singerus
264 3915 329 3954 cent.
349 3897 374 3955 5.
394 3898 489 3957 abraso.
509 3897 552 3972 59.
573 3899 760 3970 Wissenbach
789 3901 828 4028 sled
855 3900 937 3957 Pand.
968 3903 1039 3956 tario
1057 3911 1242 3966 comparatum
1259 3897 1311 3965 sit,
1330 3897 1349 3952 l.
1367 3915 1457 3951 omnes
1475 3891 1501 3949 5.
1525 3891 1562 3962 ff.
1591 3893 1639 3948 cclr.
1668 3895 1687 3949 l.
1706 3893 1739 3956 tp·
1758 3899 1780 3952 si

124 3964 480 4038 sst2.cs·spss.16.stss.
503 3971 767 4030 rninmedAnt.
812 3969 940 4029 ,artheus
970 3965 1053 4041 ususfi
1073 3981 1096 4040 7.
1113 3982 1153 4036 prs
1169 3970 1186 4024 l.
1205 3969 1253 4024 uls.
1297 3965 1347 4036 ,h
1367 3981 1387 4022 r.
1407 3963 1495 4034 Non,
1513 3969 1639 4035 inquam,
1665 3966 1715 4022 ista
1733 3981 1780 4022 ur-

123 4035 319 4094 deservierit.
338 4039 432 4110 dispar.
452 4035 477 4095 3.
497 4039 561 4098 ther.
587 4039 625 4100 ι5.
853 4067 856 4075 ·
971 4051 1037 4113 gent
1053 4041 1131 4095 satis:
1151 4035 1213 4092 nim
1231 4051 1270 4094 ets
1299 4037 1403 4106 demit,
1421 4034 1500 4106 paulo
1518 4040 1695 4104 potentiorem
1721 4056 1779 4096 esse

82 4145 90 4166 .
159 4117 186 4178 9.
206 4105 259 4166 Sed
277 4109 436 4168 &dubium
456 4115 577 4171 vixesse
604 4125 710 4183 potest,
736 4111 802 4182 quin
830 4112 870 4181 is,
896 4111 940 4180 qui
971 4112 1010 4167 rei
1030 4109 1259 4179 vindicationem,
1276 4125 1356 4180 quom
1373 4099 1572 4162 condidimus
1614 4121 1781 4165 nontamen

125 4175 190 4236 etis
209 4179 280 4236 inter
296 4183 373 4237 viros
389 4179 588 4241 usumfrutium
606 4185 767 4255 constituit,
794 4180 864 4240 reete
883 4179 940 4238 sru-
971 4179 1034 4236 inde
1051 4177 1122 4236 retis
1139 4178 1299 4250 deduxeris,
1317 4181 1346 4234 in
1365 4193 1431 4232 vero
1447 4192 1513 4258 erga
1529 4144 1781 4235 multudiucautio-

126 4245 232 4308 &uario
249 4267 294 4320 per
311 4268 462 4318 expressam
480 4255 692 4312 conventionem
709 4254 830 4310 remittat
839 4269 940 4310 caven-
973 4265 1033 4306 nem
1050 4248 1085 4305 de
1102 4247 1267 4306 restituendo
1287 4247 1388 4304 remitti
1407 4262 1490 4315 posset
1501 4262 1530 4302 tn
1548 4248 1623 4314 quasi
1641 4265 1696 4306 non
1707 4249 1781 4306 item.

123 4320 154 4382 di
173 4323 367 4390 necessitatemt
384 4327 425 4380 uti
443 4327 471 4383 dr
489 4321 566 4382 heres
583 4325 728 4394 testatoris,
745 4319 940 4380 usumssuttum
973 4316 1123 4391 tinobtque
1141 4336 1205 4374 sane
1222 4320 1315 4376 cautio
1332 4319 1502 4380 securitatem
1519 4313 1615 4388 addit,
1639 4317 1782 4390 utrobique

127 4389 259 4462 legantis:
278 4409 339 4448 cum
357 4395 398 4450 ita
415 4408 529 4466 uterque
545 4413 601 4454 non
619 4393 728 4463 alieno,
754 4393 800 4450 sod
818 4413 866 4450 suo
886 4389 927 4460 iur'
972 4397 1073 4460 etiam,
1090 4391 1217 4463 cautione
1235 4385 1385 4459 deficiente,
1403 4387 1551 4444 remedium
1568 4385 1603 4442 ad
1621 4407 1781 4456 recuperan-

126 4465 285 4536 renunciet,
303 4462 375 4534 quod
394 4463 452 4540 lege
471 4464 658 4538 permittitur,
685 4465 703 4520 1.
720 4480 778 4533 pcn.
796 4463 824 4518 C.
842 4463 873 4518 de
889 4477 939 4532 pa·
972 4463 1036 4518 dum
1056 4462 1085 4516 in
1105 4461 1161 4524 ,iure
1180 4459 1314 4527 proditum
1334 4472 1393 4530 est,
1410 4457 1549 4513 condictio
1566 4457 1595 4512 in
1620 4458 1725 4530 altero,
1754 4462 1790 4520 in.

124 4531 537 4606 cris,l.psccstbese171.ffl
554 4535 594 4591 cd
608 4537 654 4612 leg.
683 4531 784 4591 Falcid.
814 4530 936 4590 Groene-
974 4529 1059 4588 altero
1078 4529 1248 4598 vindicatio,
1276 4529 1321 4588 sed
1340 4529 1365 4587 dr
1385 4525 1526 4594 utrobique
1543 4524 1693 4588 {deficiente
1719 4547 1785 4589 cau-

124 4619 226 4676 uvegen
246 4601 286 4658 ad
300 4605 315 4660 Ι.
336 4602 363 4674 d.
383 4607 410 4660 C.
429 4617 461 4662 cc
478 4599 634 4682 usefrucris.
655 4603 691 4666 lit
708 4622 792 4675 sane,
822 4605 844 4660 si
864 4603 936 4680 lega·
973 4609 1048 4660 tione
1066 4599 1212 4658 remedium
1231 4613 1290 4658 rum
1307 4598 1503 4678 vindicationis
1520 4608 1579 4680 tunt
1603 4598 1793 4659 condictionis·

125 4680 212 4732 terim
228 4679 413 4734 conventione
430 4683 512 4747 possit
530 4675 622 4736 heredi
640 4677 941 4736 remitterecautionem
974 4690 1040 4742 sape
1057 4673 1139 4728 inane
1157 4683 1216 4736 estt
1234 4671 1273 4726 sic
1292 4682 1321 4726 ur
1340 4687 1395 4727 non
1415 4683 1544 4734 merorem
1561 4683 1591 4722 m
1618 4667 1784 4728 vindicatio-

126 4745 281 4818 legatorum,
297 4749 426 4822 nomine,
448 4752 487 4808 sic
504 4761 536 4807 ut
553 4750 665 4807 remissa
684 4745 775 4805 heredi
794 4765 840 4818 per
865 4746 936 4817 lega-
976 4763 1027 4814 ne,
1054 4735 1332 4824 quamcondiblione
1361 4739 1568 4798 indemnitatem
1595 4735 1713 4823 habeat,
1740 4745 1784 4801 cui

126 4817 230 4876 tarium
247 4821 407 4948 nonfonit
426 4837 462 4880 ex
479 4821 641 4892 penitentia
658 4819 795 4887 revocarit
822 4821 883 4888 quia
902 4814 936 4876 li·
975 4808 1117 4872 uufsuuu
1136 4813 1214 4874 hnito
1232 4830 1272 4872 res
1301 4809 1435 4872 reddenda
1445 4821 1519 4935 3est.
1546 4803 1622 4882 Quia
1643 4823 1737 4887 eorm,
1763 4817 1787 4872 si

144 4899 154 4930 ¹·
201 4887 265 4948 Vvet
282 4910 302 4947 a
339 4889 466 4954 Fandcii.
486 4893 556 4952 Tem.
575 4889 617 4951 ΙΙ.
