4026 5360
1638 277 1709 356 tol

491 365 810 464 Ltssut
910 369 1415 494 QUARTUS

696 581 1184 632 “bum

338 707 365 768 Τ
383 705 397 768 l
416 707 443 772 Τ
460 707 526 776 UL
543 707 570 770 U
587 709 609 772 S
643 710 665 774 l.
797 777 801 784 .
1012 738 1091 794 quem
1113 721 1244 776 restitutio
1267 719 1394 788 petendo,
1421 723 1445 778 ss'
1462 720 1538 779 enoda
1560 737 1753 794 procuratorem

300 847 309 863 ‚
355 847 363 864 ,
594 852 601 868 ¹
657 851 665 870 ⁹
710 851 717 870 ι
766 793 771 804 “
839 859 843 866 ¹
1012 791 1058 848 uel
1071 786 1232 863 defensorem
1249 788 1400 862 reliquerit.

234 847 281 913 De
299 869 331 912 tn
353 866 508 927 tntegtum
527 850 782 918 tettttuttotubut.
913 907 916 916 .
946 863 1039 935 tub
1056 881 1105 934 que
1119 876 1233 933 tempore
1259 859 1463 932 quadriennium
1489 866 1694 934 compotandum
1718 869 1754 924 sit

437 979 440 996 .
815 937 818 942 '
1011 934 1040 989 iet
1057 933 1166 1006 singulis
1182 932 1380 990 restitutionum
1397 935 1509 1010 causis,
1526 933 1561 998 (5
1577 957 1615 998 ars
1630 942 1753 1012 ignoran-

351 995 654 1050 SUMMARH·
718 1050 721 1056 .
1012 1000 1381 1072 tiiusidtempuscurrat?

109 1091 135 1132 ι.
153 1073 263 1148 Quanta
277 1074 399 1145 equitate
424 1079 529 1134 nitatur
546 1069 703 1134 restinctio?
728 1076 796 1148 qutt
808 1079 861 1148 sit,
879 1074 913 1141 Θ
942 1089 985 1140 ω.
995 1070 1074 1150 Quid
1086 1071 1202 1132 moribus
1228 1070 1377 1131 observetur
1400 1078 1471 1132 cirta
1497 1091 1613 1148 temporo
1638 1076 1752 1150 petenda

97 1191 116 1204 ,
178 1157 237 1218 quot
254 1141 338 1200 modis
355 1141 534 1215 impetretur?
1012 1144 1194 1217 restitutionis,
1209 1145 1296 1200 etiam
1312 1164 1386 1203 cum
1402 1165 1436 1201 ea
1449 1149 1548 1217 petitur
1562 1149 1689 1208 adversus
1705 1168 1752 1206 ne-

103 1232 130 1278 2
148 1215 231 1287 stom
243 1212 438 1286 jericuntinis
455 1219 491 1274 so
507 1213 663 1276 totototo?
679 1218 724 1289 ot
735 1218 801 1292 jon
811 1218 912 1275 moe
1025 1216 1080 1273 ote
1097 1214 1225 1288 spes-too
1242 1183 1342 1273 ..to

30 1307 33 1316 ¹
174 1303 208 1343 reo
231 1286 330 1355 possint
354 1281 518 1346 restituere?
548 1308 600 1346 non
626 1290 712 1346 minor
738 1291 912 1365 magistratus
940 1235 1066 1360 πῃόιιὶπ
1083 1290 1118 1345 sit
1135 1279 1242 1354 effiiius
1258 1282 1457 1346 restitutionis?
1468 1286 1612 1363 probatur,
1629 1309 1680 1349 eon
1697 1308 1752 1345 esse

172 1369 265 1413 contra
281 1361 442 1415 sententiam
450 1361 585 1430 superioris
593 1378 606 1426 ,·
622 1363 731 1431 quisque
746 1375 841 1416 tamen
850 1375 912 1415 con·
1005 1357 1143 1431 judcium
1151 1353 1261 1427 duplos,
1278 1357 1425 1417 rescindent
1438 1355 1667 1434 &remissorium
1684 1379 1752 1434 qua-

173 1441 220 1484 tra
237 1445 336 1482 suam.
1009 1429 1141 1502 liscunque
1152 1423 1240 1514 fuerit
1257 1447 1341 1504 causa
1359 1431 1548 1490 restitutionis.

105 1496 131 1558 5.
150 1498 218 1574 Quis
233 1497 303 1566 jure.
319 1494 601 1572 moturemoture,
627 1497 674 1558 uli
689 1495 723 1556 de
739 1497 913 1560 incidentibus
942 1497 1159 1560 outtooteoeoos
1174 1517 1236 1556 tum
1253 1519 1282 1556 re
1297 1502 1383 1556 etiam
1412 1499 1516 1559 rullus.
1536 1505 1573 1562 Et
1583 1503 1701 1562 vicissim
1718 1505 1752 1573 is,

77 1613 89 1628 ..
176 1571 204 1625 in
221 1567 267 1625 lite
300 1570 390 1626 aestio
406 1564 471 1628 est?
1013 1584 1201 1642 contraquem
1223 1571 1353 1630 restitutio
1409 1609 1420 1642 ,
1446 1570 1577 1630 indemnis
1604 1571 1753 1632 seruandus

104 1636 238 1714 lQuis,
261 1586 308 1696 uls·
323 1637 450 1699 adversus
476 1641 579 1728 nqgott'a
603 1641 781 1714 principalia,
807 1654 913 1700 comra-
1011 1657 1072 1708 est,·
1088 1659 1142 1712 qua
1158 1638 1382 1698 occasionederec
1444 1640 1522 1701 andis
1540 1647 1674 1716 impensis,
1690 1641 1752 1701 red-

176 1709 251 1781 etos,
267 1706 396 1767 aditiones
413 1710 617 1781 hereditatum,
638 1709 673 1778 &
689 1713 812 1784 similia,
838 1713 913 1768 resti·
1012 1707 1173 1788 integrandit
1199 1708 1363 1782 allionibut,
1382 1656 1547 1783 ffqualrs
1572 1717 1690 1773 aliioner
1706 1717 1732 1768 ei

178 1775 458 1864 tutiofatiendasit?
474 1781 523 1840 An
534 1779 913 1852 judicesUnt'versitetisLo·
1013 1799 1104 1840 cantra
1118 1797 1198 1867 quem
1226 1785 1356 1840 restitutio
1368 1781 1420 1854 fit,
1446 1802 1499 1840 non
1519 1753 1753 1858 redintegrenturl

178 1846 294 1909 dentes?
339 1891 346 1912 .
1011 1872 1050 1910 an
1067 1855 1229 1912 restttutiane
1244 1851 1372 1912 aduersus
1387 1857 1529 1912 emtionem
1548 1869 1592 1923 pro
1606 1871 1681 1922 parte
1698 1858 1752 1910 im-

106 1923 131 1986 5·
151 1923 211 1983 Non
228 1935 377 1994 supensos,
397 1920 448 1980 sed
460 1919 608 1981 ordinarias
618 1921 746 1998 judices,
772 1943 915 2000 cognoscere
1008 1929 1137 1998 petrato,
1160 1921 1331 1982 aduersarius
1349 1943 1369 1978 a
1386 1937 1442 1982 tcta
1457 1928 1536 1994 possit
1553 1929 1666 1984 emtione
1681 1943 1752 1982 rete-

173 1991 208 2050 de
217 1993 334 2066 justitia
351 1995 522 2052 unitationis
539 2013 570 2050 ets
579 1994 710 2053 mandato
726 2010 914 2067 tupeemtt'ttm,
1012 1989 1098 2053 dere?
1267 2039 1272 2047 .

173 2063 208 2127 (t
224 2063 380 2132 corfirmnrr
395 2059 612 2124 restitutionem?
942 2062 1046 2129 ὕψι
1063 2070 1207 2137 impetrata
1233 2065 1397 2124 restitutione
1421 2065 1549 2126 adversus
1570 2069 1753 2138 sententiam,

106 2133 133 2195 6.
149 2134 229 2210 Quid
241 2132 387 2209 agendum,
404 2137 501 2208 siquis
519 2135 625 2193 restitui
642 2133 851 2208 aelitadnersus
867 2154 915 2193 ne·
1011 2156 1047 2194 ea
1064 2155 1170 2210 quoque.
1185 2134 1297 2208 infirmo
1314 2138 1367 2206 sic,
1393 2153 1523 2210 quotenus
1540 2136 1670 2194 damnosa
1689 2133 1752 2212 fuit

172 2208 293 2282 gotium,
319 2203 390 2275 qued
412 2224 465 2262 non
544 2203 566 2260 d
582 2204 709 2280 judices,
735 2206 785 2265 sed
804 2207 915 2266 arbitros
1012 2211 1055 2280 ei,
1072 2223 1164 2266 curura
1180 2225 1256 2277 quem
1272 2207 1405 2265 restitutio
1413 2205 1499 2281 falia
1514 2204 1579 2268 est?

176 2276 411 2347 consproenissarios
428 2279 501 2333 metti
541 2271 603 2333 ur?
634 2281 639 2287 “
944 2278 987 2352 tl,
998 2279 1139 2338 Restitutio
1148 2272 1233 2352 falla
1250 2277 1374 2335 strillam
1396 2282 1484 2347 recipit
1499 2279 1752 2347 interpretationem.

109 2362 134 2420 7.
152 2348 219 2421 Quis
236 2361 379 2405 censeatur
383 2345 469 2418 judex
486 2361 639 2420 competens,
657 2344 697 2404 od
711 2345 749 2420 id
768 2352 839 2408 ut'ei
852 2367 915 2406 esta-
1012 2349 1061 2408 An
1079 2351 1165 2408 minor
1190 2351 1238 2420 qui
1254 2347 1345 2406 mutui
1353 2353 1454 2420 amepti
1468 2353 1574 2414 nomine
1589 2369 1690 2408 usurae
1699 2351 1753 2407 sol-

179 2438 239 2476 rnen
274 2437 360 2476 causa
387 2419 559 2476 restitutionis
586 2435 620 2477 at
655 2415 818 2502 cofirmatio
844 2438 914 2476 cont-
1014 2435 1110 2493 verat,
1168 2437 1255 2478 tersus
1271 2435 1397 2478 mutuum
1412 2424 1552 2478 restitutas
1568 2441 1665 2479 usuros
1683 2417 1754 2478 solu·

176 2483 326 2548 mutatur?
344 2490 399 2545 sive
417 2487 543 2546 advertus
559 2507 664 2546 summo
674 2489 916 2563 jureualida,sioe
1013 2506 1057 2549 tat
1074 2503 1187 2560 repetere
1201 2490 1296 2560 poscit,
1313 2493 1337 2546 si
1354 2495 1384 2548 in
1400 2493 1562 2549 restitutione
1572 2495 1671 2549 mentio
1687 2511 1755 2550 setu-

176 2558 304 2626 adsuetus
322 2579 428 2618 summo
439 2562 508 2631 jure
524 2557 620 2628 nulla,
636 2562 768 2618 restitutio
782 2555 917 2634 petatur?
1014 2554 1203 2630 rarumfalla
1219 2579 1271 2616 non
1287 2556 1349 2616 sit?
1796 2619 1797 2624 ,

108 2625 133 2688 li.
151 2631 182 2688 Si
201 2645 293 2686 contra
303 2630 464 2686 sententiam
471 2630 604 2688 restitutio
617 2643 734 2702 petatur,
751 2651 790 2688 an
805 2651 917 2688 ettanmt
944 2629 988 2693 25.
998 2633 1046 2690 An
1060 2631 1186 2705 pndrme
1200 2631 1324 2700 petitione
1345 2627 1537 2703 restitutionis,
1563 2635 1694 2690 sententia
1710 2634 1755 2692 vel

176 2702 307 2758 committi
321 2701 399 2774 possit
412 2701 467 2786 ¹ipsi
477 2697 583 2774 judici,
599 2704 648 2786 qui
661 2705 820 2760 sententiam
829 2698 917 2761 tulit!
1014 2708 1162 2814 mettum,
1179 2717 1271 2758 contra
1287 2701 1357 2772 quod
1371 2719 1404 2756 ca
1419 2705 1527 2773 petitur,
1544 2707 1687 2762 executioni
1700 2703 1755 2760 do·

178 2793 216 2832 ars
233 2768 267 2832 lp
283 2773 325 2842 ei,
342 2771 388 2842 qui
398 2768 543 2842 judicante
562 2787 676 2841 superior
692 2767 759 2830 est?
1013 2779 1038 2832 ri
1050 2777 1130 2844 possit
1173 2769 1208 2836 tr
1224 2769 1291 2845 quid
1304 2770 1419 2829 moribus
1435 2764 1578 2830 obtineat?

109 2857 134 2916 9.
151 2845 207 2920 Qui
223 2857 307 2912 petere
320 2841 418 2910 possint¹
433 2830 650 2900 restitutionem?
672 2860 710 2902 ass
721 2857 917 2914 procuratores,
944 2841 987 2904 πᾶ
998 2845 1069 2918 Quot
1085 2847 1140 2902 sint
1151 2845 1236 2917 justa
1253 2859 1340 2899 cause
1356 2835 1555 2902 restitutionis?
1570 2841 1605 2906 (p
1622 2841 1704 2915 quid,
1730 2842 1755 2899 si

164 2912 213 2984 ¹(u
230 2911 308 2985 quale
325 2916 354 2968 in
376 2913 410 2968 iis
426 2914 576 2983 requiratur
593 2907 781 2973 mandatam?
804 2931 843 2970 an
856 2927 916 2984 per-
1014 2913 1099 2984 plures
1118 2918 1146 2970 in
1163 2910 1277 2969 eandm
1291 2925 1432 2982 pmsorcam
1448 2910 1482 2976 Θ
1499 2913 1556 2970 re'm
1572 2907 1755 2972 concurrant?

179 3001 245 3041 sona
261 2983 407 3051 conjunlie
423 2983 480 3039 sine
496 2977 651 3040 mandato?
676 2979 847 3054 an'tyndici,
873 2980 917 3039 bo·
945 2986 1082 3060 optumo
1099 2985 1200 3042 invitus
1217 2997 1320 3040 tenetur
1334 2995 1418 3052 petere
1435 2985 1635 3056 restitutionem,
1653 3004 1672 3040 a
1685 2986 1758 3055 peti-

183 3073 280 3112 norum
298 3067 429 3108 curatores
463 3069 561 3111 tutores
578 3048 660 3116 (tul
1014 3056 1085 3113 tione
1101 3069 1180 3124 copta
1194 3065 1276 3122 potest
1302 3051 1444 3127 desistere,
1469 3052 1504 3116 Θ
1513 3057 1583 3127 jam
1609 3057 1757 3126 impetrata
1823 3092 1830 3110 t
1921 3039 1924 3048 ¹

111 3146 154 3188 to·
166 3124 272 3182 Petitur
287 3135 377 3178 contra
393 3091 526 3196 ledentes,
543 3121 737 3197 quoodoqoote
755 3141 845 3182 contra
863 3139 916 3182 ter·
1015 3129 1187 3190 renunciaret
1202 3143 1252 3196 quo
1268 3139 1333 3181 catu
1350 3125 1576 3184 necadoersorius
1593 3129 1673 3184 sentit
1689 3123 1756 3197 effe·

182 3196 233 3252 tias
246 3191 416 3262 possessores?
439 3195 487 3252 An
513 3211 604 3252 contra
630 3200 720 3255 tertios
744 3191 917 3268 possessores?
1015 3199 1090 3256 lium
1107 3195 1297 3267 restitutionis,
1323 3213 1378 3266 qua
1394 3197 1420 3251 ei
1445 3213 1476 3253 est
1491 3200 1672 3268 consequentia
1695 3209 1757 3266 pso·

181 3267 233 3324 Art
249 3277 341 3322 taetra
357 3261 484 3337 herodes,
501 3260 662 3324 remissive?
1028 3271 1128 3326 uisset.
1267 3308 1271 3314 -

113 3357 155 3398 tt.
172 3337 235 3396 Non
249 3334 333 3394 datur
349 3329 489 3408 restitflio,
504 3341 652 3414 sitantum
661 3335 765 3398 modica
782 3339 818 3396 sit
834 3334 917 3393 testo.
946 3335 988 3398 28.
1037 3337 1096 3397 ide
1112 3339 1220 3414 negotiis
1237 3333 1385 3409 tralletur,
1403 3340 1432 3396 in
1448 3333 1541 3410 quibus
1559 3327 1690 3409 dubium,
1717 3357 1756 3394 an

104 3435 108 3444 ν
178 3409 248 3484 Quo
259 3409 366 3483 gravior
383 3406 512 3470 censenda
528 3409 563 3484 tit
579 3407 665 3482 latio,
691 3408 804 3468 arbitrio
814 3405 918 3482 judicis
1019 3407 1216 3482 majorentibus
1233 3405 1438 3466 subueniendum
1455 3400 1516 3464 sit?
1675 3463 1680 3470 ,

105 3511 109 3516 -
185 3476 424 3537 committendum.
830 3543 831 3554 q
947 3482 1085 3557 29.Cujctt
1101 3480 1150 3540 loci
1166 3493 1271 3538 statuta
1289 3482 1342 3536 sint
1358 3474 1522 3536 observando
1546 3477 1576 3534 t'n
1593 3479 1757 3535 restitutione

113 3569 154 3614 12.
171 3552 231 3610 Non
245 3549 332 3608 datur
366 3551 390 3604 si
407 3549 465 3608 alia
482 3549 618 3610 ordinaria
635 3549 753 3610 remedia
771 3551 920 3620 supersistit
1019 3548 1181 3610 concedenda
1206 3549 1250 3607 uel
1264 3545 1419 3622 detegam
1440 3561 1486 3618 per
1502 3544 1681 3608 distinllioetes
1706 3567 1758 3606 oa-

178 3625 230 3681 niss'
247 3639 320 3680 reme
338 3619 580 3680 iumordinare'um
602 3617 637 3683 δ’
663 3619 919 3690 mroooimsiurn.
1017 3627 1074 3682 rios
1085 3623 1251 3695 explicatur.
1637 3641 1642 3652 ·

177 3713 231 3750 eton
248 3687 406 3766 infamans,
430 3688 557 3752 adversos
573 3689 686 3750 eundem
708 3705 853 3762 competat,
879 3689 922 3748 uel
1687 3728 1689 3732 .

104 3789 108 3797 ·
181 3766 309 3823 restitutio
322 3763 437 3836 pinguior
454 3764 508 3820 sit.
951 3761 1386 3890 1.RE'otitutioininttgtum
1404 3760 1481 3821 nullo
1506 3772 1566 3834 eget
1584 3756 1758 3844 commende-

114 3831 226 3894 13.Non
241 3837 346 3904 etiem,
370 3833 396 3888 si
412 3836 470 3905 quis
486 3836 539 3903 ipso
557 3831 623 3905 jure
640 3845 715 3894 tutus
737 3836 794 3900 sit,-
819 3833 872 3890 nisi
889 3849 920 3888 ess
1064 3841 1157 3906 tione,
1182 3851 1245 3894 cum
1261 3851 1290 3890 se
1308 3849 1393 3905 sptem
1417 3849 1451 3893 ex
1475 3835 1600 3902 equitate
1624 3847 1674 3888 uta
1690 3841 1758 3886 sotto
1822 3851 1824 3858 ·

183 3901 349 3977 abundunti,
367 3902 510 3962 secundum
528 3913 631 3968 encres.
947 3908 1115 3975 commendet
1132 3905 1152 3962 l.
1173 3898 1245 3976 nffl
1262 3901 1292 3960 bo
1305 3920 1326 3962 t.
1344 3906 1398 3962 nisi
1413 3904 1489 3964 enlm
1515 3898 1649 3960 muralis
1670 3897 1759 3958 uubtit

114 3977 155 4049 ¹4·
165 3977 216 4036 An
230 3977 327 4033 iterum
340 3990 425 4045 petere
440 3977 536 4049 possit,
561 3978 607 4049 qui
625 3973 708 4033 semel
722 3972 859 4044 repulsam
881 3987 920 4030 est
947 3985 980 4038 tl
997 3987 1123 4047 appareat
1140 3975 1268 4048 equitus,
1285 3989 1342 4048 qua
1359 3975 1470 4034 studeat
1485 3970 1759 4034 conceditutitutta-

103 4075 109 4082 ·
175 4065 291 4121 passus,
318 4065 347 4102 est
362 4043 459 4106 eadem
484 4041 593 4106 causa?
614 4063 653 4102 ort
670 4063 701 4100 est
717 4039 809 4102 alia?
835 4065 873 4106 an
896 4046 922 4099 si
949 4065 1022 4114 nem,
1039 4052 1066 4108 &
1084 4048 1208 4118 iniquam
1225 4041 1306 4102 iactat
1321 4043 1467 4104 tdvetsttii
1484 4059 1604 4115 causam,
1619 4043 1759 4122 denegqn·

180 4137 265 4178 caute
278 4118 372 4189 prioris
388 4116 512 4188 pleniores
521 4119 619 4189 caperit
637 4109 921 4188 babereprabationet?
948 4121 984 4180 da
1001 4115 1090 4178 foret.
1107 4115 1146 4178 Et
1163 4117 1227 4176 tices
1236 4115 1415 4175 restitutionk
1426 4111 1587 4173 beneficium
1602 4123 1698 4185 prater
1715 4127 1759 4182 Ju-

114 4186 322 4248 15.Ancontra
355 4205 458 4250 arentes
476 4186 509 4251 Θ
525 4203 645 4260 patrones
670 4185 748 4248 detur
764 4180 921 4246 restitutio?
950 4191 987 4248 sis
1003 4187 1108 4262 civilis,
1127 4191 1157 4246 in
1175 4186 1296 4244 naturali
1313 4187 1421 4246 tutione
1438 4181 1566 4258 fitndati,
1582 4181 1759 4256 particulares

196 4258 248 4319 uid
259 4203 401 4318 marilias?
950 4259 1071 4335 segidae,
1096 4278 1142 4333 pet
1176 4274 1223 4314 uus
1238 4257 1274 4314 td
1295 4255 1451 4330 generalem
1474 4258 1608 4326 vestutatis
1625 4269 1759 4316 ’nostum

115 4329 156 4390 16.
184 4349 247 4390 ntra
274 4329 479 4402 quadrimnium
503 4328 616 4403 petenda
638 4332 788 4402 restitutio,
814 4330 922 4397 exceptis
950 4333 1115 4404 peruenitur,
1133 4278 1257 4390 elesius
1273 4325 1424 4400 indulgerlt
1442 4333 1480 4392 'tta
1488 4340 1520 4388 ut
1538 4329 1602 4389 inde
1617 4327 1759 4384 etiamen·

115 4422 120 4434 ·
182 4400 345 4476 quibusdam
361 4399 466 4460 casibus
510 4401 603 4475 quibat
620 4399 723 4461 breuius
748 4413 799 4460 aut
824 4399 922 4473 longius
950 4403 1196 4462 tttosdinuriumt
1264 4411 1325 4458 etur
1341 4399 1502 4460 remedium:
1518 4400 1582 4472 quia
1598 4413 1690 4458 tutntn
1707 4412 1759 4452 ne·
1799 4411 1801 4418 ’

179 4489 282 4544 terpus
298 4493 318 4528 a
328 4471 396 4544 jore
412 4487 442 4543 pr
500 4476 569 4532 itum
587 4489 641 4531 est.
790 4505 793 4514 =
950 4475 1018 4549 gotit
1034 4475 1103 4548 gesti
1128 4491 1146 4558 q
1205 4485 1250 4536 am
1275 4465 1403 4541 adjunllt
1419 4474 1447 4532 δι
1463 4471 1673 4538 circumstantie
1697 4461 1759 4548 offi-

116 4553 157 4610 ¹7·
174 4545 223 4604 An
233 4541 361 4618 facultas
376 4543 490 4614 petenda
507 4545 679 4604 restitutionis
696 4538 922 4614 duretquodtien·
949 4543 1073 4616 ciebunt,
1089 4557 1120 4604 ut
1138 4539 1248 4600 tllatum
1263 4539 1418 4616 rugituum
1427 4541 1632 4612 particularium
1648 4547 1760 4618 oqffllffs

181 4619 243 4689 nio,
261 4618 286 4674 si
302 4615 375 4674 aliia
389 4615 516 4688 ettinllo,
533 4631 625 4674 contra
641 4633 723 4688 quam
740 4613 873 4670 restitutio
879 4625 923 4680 pe-
950 4627 1084 4688 ρωποι,
1100 4610 1223 4684 nihilque
1238 4626 1381 4683 superesset
1416 4625 1492 4672 inter
1508 4613 1549 4684 jus
1564 4606 1688 4676 rtriilum
1715 4622 1759 4690 'tt-

182 4692 268 4760 tisor,
285 4685 396 4749 breviori
412 4699 524 4756 tempore
541 4683 636 4759 duret,
661 4683 708 4746 uel
718 4677 799 4756 pauci
814 4697 924 4740 tantum
950 4687 1059 4759 gitium,
1075 4699 1156 4814 atque
1172 4685 1288 4768 dtuuutt
1315 4701 1349 4744 ex
1366 4629 1424 4742 soli
1439 4686 1570 4768 inquitate·
1579 4645 1702 4764 geqettll
1712 4693 1760 4735 ω·

183 4757 240 4814 dios
258 4753 300 4814 ad
314 4755 443 4834 agendum
460 4751 634 4832 sopeo‘oertor
650 4771 714 4822 onte
730 4769 827 4814 notum
843 4769 923 4827 agen·
952 4757 1090 4819 trastulisti
1119 4759 1161 4816 uit
1177 4772 1240 4816 utut
1256 4773 1287 4812 m
1304 4753 1439 4828 integrum
1452 4757 1652 4819 restituamus,
1667 4743 1686 4804 l·
1698 4759 1760 4816 tm·

182 4827 212 4888 dt
229 4821 474 4900 impedimentum?
945 4824 987 4902 ff.
1003 4829 1029 4890 l.
1047 4847 1068 4888 t.
1087 4829 1106 4885 l.
1127 4844 1150 4886 t.
1168 4829 1198 4885 in
1208 4841 1252 4913 pr.
1262 4819 1302 4895 ff.
1319 4825 1351 4882 dr
1369 4829 1463 4885 minor.
1481 4824 1525 4884 25.
1541 4817 1668 4907 annis,l.
1690 4833 1759 4888 hpr.

117 4893 157 4956 18.
167 4899 257 4962 Currit
274 4900 499 4974 quadriennium,
527 4898 586 4960 licet
603 4895 696 4958 absent
713 4897 749 4958 sit
766 4899 810 4970 is,
834 4910 924 4957 contra
951 4897 985 4973 ff.
1003 4922 1033 4963 oss
1049 4897 1121 4976 quil.
1139 4917 1227 4958 causes
1244 4894 1377 4968 majores.
1406 4893 1473 4968 Qua
1490 4907 1531 4956 eet
1547 4892 1761 4966 sodmtegrtnde
