3994 5348
708 167 776 247 Qui
789 138 934 250 *potiores
953 163 985 226 itt
1002 158 1138 250 Pignore
1153 170 1204 232 ori
1220 169 1279 232 tio.

244 269 440 328 coactamque
453 263 609 326 possessas,
641 267 687 324 pro
705 256 787 313 solide
802 255 890 312 debito
913 270 995 326 potest

244 343 372 395 sectatore,
389 345 435 382 nec
453 329 505 449 ωᾷὶ
521 341 617 395 potest,
638 342 667 380 at
686 322 796 384 dividat
813 327 962 383 aiiioetem.

193 393 218 450 5.
236 395 266 452 Si
283 415 350 452 tenus
368 415 398 450 ets
413 397 483 464 p'ttri
500 417 529 451 os
541 391 680 451 beredibtts
692 395 810 451 solidam
828 397 933 452 solverit
953 391 1000 448 de-

243 463 332 521 bitam
349 462 569 537 hypothecariam,
587 462 682 536 qteibtes
695 463 843 522 abiionibus
863 471 889 521 ei
908 477 1000 522 contra

179 566 186 575 ι
243 531 377 589 coheredes
394 535 544 592 consultam
564 533 619 590 tit?
647 535 696 588 An
715 534 748 595 U
769 536 855 590 tertiis
875 551 935 590 trem
946 536 999 600 jet-

216 661 218 668 ,
243 605 294 659 otis
312 619 369 657 tttrn
387 621 439 658 non
450 605 536 674 jttstit
551 607 692 679 pignorum
710 600 896 669 possestoribets
914 606 1000 659 ablio-

244 691 290 728 etes
308 671 364 727 endi
382 671 491 729 debeant
516 689 561 742 per
580 672 721 729 creditores
741 672 870 730 bdoerstes
898 689 999 728 cataros

240 755 394 810 possessores
412 763 500 798 sertem
519 761 569 798 atet
595 743 718 812 partium
733 757 778 810 pro
795 741 887 797 eodem
914 739 1000 796 debito

204 839 209 850 ·
243 809 462 884 obligatarum,si
478 810 664 882 bopotbecaria
682 812 803 867 conventi
820 809 935 867 solidum
952 808 997 863 de-

245 875 333 936 bitum
352 882 447 936 solvere
463 885 560 950 parati
577 875 658 936 sint?

192 947 219 1008 6.
238 951 295 1023 Qui
313 948 494 1020 bypotbecaria
504 965 647 1007 cenventus
660 947 772 1003 solidam
788 949 873 1020 solvit,
892 965 942 1004 non
959 969 999 1004 to-

248 1017 334 1076 lidttm
353 1017 402 1072 sod
415 1035 459 1088 pro
485 1035 550 1076 rata
570 1039 588 1074 a
607 1019 714 1085 reliquis
734 1019 851 1073 aliorrtrn
867 1021 999 1091 pignorum

241 1086 443 1158 possessionibus
461 1092 560 1156 repetit.
581 1089 615 1143 Si
628 1090 721 1159 pignos
733 1089 831 1141 iterato
848 1088 999 1142 atienattem

244 1160 296 1230 sit,
314 1153 389 1212 bodie
404 1159 507 1226 primos
526 1173 613 1212 emtor
632 1177 663 1210 ex
681 1173 752 1226 eqrte
771 1159 903 1212 conveniri
917 1171 997 1223 potest

243 1227 276 1282 de
290 1229 387 1296 pretio,
405 1226 476 1297 qttod
488 1231 543 1296 ipse
562 1246 658 1284 rursus
678 1243 711 1279 ea
729 1227 876 1280 venditione
894 1226 999 1298 redegit,

244 1299 394 1364 siconem,
412 1297 542 1352 eeltimtem
568 1311 745 1364 postessorem
764 1294 796 1348 ele
813 1295 939 1351 eor'iit'orte
965 1313 997 1348 a·

245 1365 361 1422 biionem
379 1362 508 1421 advertus
526 1383 589 1420 esem
610 1363 776 1420 babituram.

181 1450 222 1507 ,7.
241 1431 277 1490 In
294 1455 343 1504 qteo
362 1436 475 1504 intersit,
493 1449 588 1490 tetram
609 1433 723 1488 creditor·
742 1429 918 1502 hypotircario
934 1449 998 1506 agat

199 1527 202 1536 ·
244 1519 339 1559 eontra
347 1500 500 1572 debitorem,
511 1523 550 1555 nn
560 1508 622 1558 vere'
634 1519 726 1557 contra
736 1505 827 1558 tertios
836 1500 1000 1569 possessores?

190 1569 215 1630 Β.
237 1573 267 1628 Si
286 1591 325 1628 res
345 1571 439 1626 eodem
456 1569 575 1641 pluribus
596 1573 694 1627 eodem
722 1584 833 1635 tempore
849 1585 893 1638 por
908 1584 996 1635 partes

242 1640 289 1700 nel
305 1643 333 1700 irt
351 1639 464 1698 solidam
482 1638 614 1714 obligatos
632 1644 681 1704 sit,
696 1659 744 1708 osto
762 1638 837 1692 modo
855 1641 951 1709 singuli
968 1660 998 1694 a·

245 1729 303 1784 gere
333 1715 428 1777 possint
447 1727 507 1765 tam
534 1729 631 1766 contra
649 1712 739 1764 tertios
767 1727 850 1779 qaam
867 1709 937 1764 inter
954 1729 999 1780 se,

249 1795 308 1836 tecm
320 1782 387 1850 jtere
406 1780 527 1834 Romano
545 1795 605 1836 ttem
626 1773 766 1833 moribus?
840 1798 851 1807 ’

189 1863 221 1924 9.
239 1846 380 1922 Quamdiu
398 1846 590 1920 olim,&jure
610 1869 675 1904 novo
693 1843 998 1912 iustinianeodteraoerit

244 1918 316 1976 tilio
334 1913 541 1988 hypothecaria?
568 1917 617 1974 An
636 1919 792 1982 usucapione
810 1915 848 1968 rei
862 1917 999 1987 pignorata

239 1989 291 2060 jos
308 1989 419 2062 pignoris
445 1983 610 2046 evanuerit?
638 1986 671 2047 (5
688 1986 839 2056 quidnam
865 1983 940 2054 epod
954 2006 997 2043 nos

245 2053 394 2120 obtineat?

179 2141 220 2184 to.
245 2125 290 2182 De
301 2125 411 2196 jttdtcr'o
429 2143 574 2188 concursat
591 2125 625 2188 6
675 2125 803 2180 eniterer
830 2127 899 2180 inter
915 2121 998 2181 credi-

245 2209 323 2251 tores.
342 2197 400 2263 Aet,
410 2193 443 2255 Θ
453 2194 562 2267 quando
578 2211 627 2266 pert
647 2209 708 2250 ente
718 2198 830 2263 oet'jam
841 2193 923 2264 finito
939 2213 999 2249 con·

245 2283 338 2323 cursus
350 2262 457 2332 judicio
477 2266 618 2322 creditores
627 2267 678 2319 alii
687 2265 894 2332 saprroer‘tientes
912 2261 998 2318 adbuc

244 2331 380 2391 audiendi
398 2331 482 2390 sint?
495 2355 537 2390 an
555 2352 619 2392 teenc
628 2349 672 2402 per
682 2353 734 2402 eos,
750 2335 796 2402 atti
806 2333 875 2400 jare
891 2329 998 2387 debilio-

245 2405 271 2460 ri
292 2402 432 2477 gaudent,
471 2423 537 2460 cam
573 2421 645 2460 sorte
671 2416 775 2469 accepta
805 2403 888 2458 etiam
918 2401 999 2458 medii

248 2476 369 2542 temporis
389 2491 475 2530 assera
493 2473 633 2529 reddenda
652 2470 727 2530 sint?

182 2557 228 2600 n.
245 2543 294 2600 An
308 2545 422 2613 posonio
440 2563 472 2597 ex
487 2546 629 2616 pignorum
647 2541 794 2615 venditione
811 2536 922 2596 redebio
935 2554 999 2609 pert-

245 2609 323 2668 dentc
336 2611 443 2685 jndicio
461 2632 604 2669 contrtrstes
616 2609 712 2680 frenari
739 2608 861 2664 collocari
874 2613 953 2678 possit
971 2611 1000 2664 in

246 2701 328 2740 actem
344 2682 508 2738 creditorum
520 2677 548 2737 i*
550 2685 557 2700 ‘
565 2680 669 2753 Quibus
689 2673 859 2735 creditoribus
885 2696 950 2737 ante
961 2677 999 2742 fi-

244 2753 333 2809 tritam
352 2751 400 2809 boc
410 2749 557 2824 josebsittm
569 2753 635 2806 eoloi
650 2748 755 2817 possit?
772 2747 832 2824 Quo
850 2746 928 2804 modo
946 2751 999 2824 tegi

243 2823 342 2891 possint
357 2819 509 2896 graphiarii
536 2819 570 2882 (¹5
589 2822 688 2876 simit'rs
706 2815 748 2872 ad
763 2835 886 2872 nummos
904 2837 998 2876 setten-

155 2937 157 2942 .
246 2889 312 2946 dttm
329 2892 495 2958 consentiam
542 2890 671 2946 clationis
689 2877 905 2943 distribuendos?

180 2959 300 3034 12}an
329 2959 362 3014 in·
377 2959 429 3014 loto
454 2961 492 3030 ju
515 2960 603 3016 iciam
628 2975 766 3014 contortos
793 2951 1000 3024 &prolationis

247 3049 265 3082 a
282 3026 412 3085 itandom
429 3023 493 3084 sit?
546 3058 550 3070 ·

175 3093 218 3158 13.
241 3049 373 3154 Oinrtibtes
394 3093 776 3167 creditoribasanteponetntter
784 3091 889 3152 domini
901 3085 1000 3151 baben·

245 3183 285 3224 tes
303 3187 395 3224 rerum
414 3185 531 3225 setartene
548 3166 757 3226 ointb'cationem
786 3165 881 3237 anales'
890 3165 1002 3233 plorimi

244 3253 422 3295 recensentur.
442 3237 522 3322 perid
537 3241 561 3292 si
597 3239 639 3294 etis
657 3205 812 3308 ater'n'ebro,
830 3237 927 3290 sartori
943 3229 999 3296 &a

241 3327 344 3366 aterum
362 3305 474 3378 dederrt,
493 3322 525 3364 tet
538 3257 600 3362 inb
610 3324 690 3376 oasa,
701 3303 744 3361 oel
759 3319 890 3374 parentem,
908 3319 940 3360 oet
957 3305 1001 3358 in·

245 3375 279 3433 de
296 3380 381 3434 vestis
396 3373 501 3444 fieret?
518 3377 567 3431 An
585 3380 610 3432 si
628 3393 668 3432 res
688 3373 867 3440 nostrccalpa
885 3376 928 3428 oei
944 3370 1001 3428 dolo
1045 3407 1050 3414 -

226 3447 461 3516 commodatarii,
481 3445 650 3503 oendnbiort's
668 3441 702 3505 Θ
720 3443 856 3500 similium
866 3442 1001 3512 perierint,

240 3518 410 3592 privilegiam
429 3513 504 3574 nobis
515 3518 586 3573 inter
596 3515 667 3572 obiso
681 3510 817 3582 rapbarios
841 3531 869 3567 ro
886 3513 1001 3567 attima-

247 3589 318 3642 tione
336 3583 491 3656 competat?
519 3587 568 3641 An
588 3588 628 3640 rei
658 3599 716 3641 terto
733 3579 817 3639 sobdet
844 3578 1002 3656 edominat

240 3669 292 3722 pro
307 3656 347 3710 rei
365 3656 546 3712 estimatione
569 3654 739 3726 privilegium
766 3647 865 3706 babeat
883 3653 911 3705 in
929 3648 1001 3710 bonis

237 3719 434 3798 fierte'vis,‚oel
450 3728 491 3781 rei
502 3719 737 3796 fartioaoendite
749 3723 834 3788 pretio
851 3716 938 3776 edboc
956 3719 1001 3774 de·

244 3791 308 3863 bito,
325 3793 373 3849 vel
387 3791 464 3851 rebus
485 3812 519 3847 ess
534 3793 654 3860 pecunia
660 3785 771 3862 factiva
788 3786 898 3844 emen?

178 3856 219 3931 ti.
240 3859 285 3920 De
303 3860 349 3918 bis·
365 3863 416 3934 otei
430 3861 506 3933 apotd
520 3863 647 3917 mensam
662 3856 800 3928 publicam
815 3871 939 3913 nummos
957 3855 1002 3912 de·

238 3945 400 4003 posuerant,
414 3943 453 3987 an
465 3928 577 3986 inbonis
597 3927 822 3985 mensolmiortem
849 3947 895 3984 oro
907 3923 1002 3984 teden-

245 4004 322 4060 tittm
335 4003 519 4072 prelationem
538 3993 684 4054 bairam?
705 3999 754 4052 An
771 3993 804 4058 Θ
841 3999 851 4053 i
868 3997 917 4067 qai
929 3995 1004 4054 bodie

244 4073 392 4143 pecuniane
408 4072 438 4128 iet
451 4067 581 4145 grapbejo
597 4067 783 4138 deputantem,
798 4066 826 4121 si
834 4065 1002 4139 graphiariae

245 4163 309 4200 eam
325 4139 359 4198 i¹n
379 4159 441 4200 taos
451 4141 685 4207 contemmis,
703 4155 742 4192 as
754 4134 936 4193 selomdonon
951 4129 1004 4192 sit?
1030 4149 1076 4212 27.

183 4213 223 4276 15.
243 4215 303 4286 An,
321 4209 355 4274 Θ
374 4208 483 4285 astando
498 4207 680 4280 prelationem
698 4199 836 4276 babeant,
850 4203 955 4277 caenob
971 4221 1002 4259 ea

173 4289 175 4296 '
244 4282 358 4340 adverso
377 4301 412 4338 ne
430 4293 594 4338 concurrant
611 4273 723 4349 q'eeidem
740 4278 772 4331 in·
785 4277 865 4344 pretio
882 4273 988 4332 domini
994 4311 1004 4346 5

170 4359 173 4368 ’
246 4353 298 4428 rei
311 4372 351 4411 ns
369 4371 456 4420 suas,
473 4365 523 4421 pro⁴
537 4349 629 4405 aliam
645 4344 731 4402 debito
746 4359 793 4414 per
810 4361 926 4402 errorem
941 4343 1003 4402 sab·

248 4424 381 4482 bastatos
391 4463 404 4496 ‚r
420 4421 505 4480 oettdi
518 4419 596 4490 passi
609 4431 760 4486 saretfnet‘
774 4433 804 4471 sc
818 4427 1004 4486 opposuerant,

310 4493 497 4551 dictiniiiones
515 4489 668 4557 explicator.
689 4517 692 4524 ,

179 4565 220 4630 ιδ’.
238 4509 299 4636 bib

299 4559 575 4622 otbccariieredttores
582 4552 761 4629 presentetur
766 4546 1008 4628 cbirograpbarie‘sf

1697 157 1769 245 oli
1801 85 1804 94 Ι

1099 253 1286 326 sordeiiionem
1309 257 1366 314 orl
1390 250 1516 324 insanus
1543 249 1661 323 dssttnili
1677 255 1815 311 crediderit

1097 327 1174 398 Ouid
1183 329 1278 399 jessit,
1307 330 1331 381 si
1347 328 1400 382 sint
1419 324 1593 395 bypotbecarii
1617 324 1777 396 privilegiati
1794 323 1836 388 U·

1099 415 1151 452 non
1167 397 1344 504 priviltgiati}
1357 399 1440 470 magis
1460 390 1494 457 θ
1512 396 1601 452 minus
1615 397 1784 468 privilegiati,
1801 414 1837 450 a·

1096 483 1147 536 qtee
1162 469 1333 540 prettirgiats'.
1840 501 1847 521 t

1034 550 1073 606 17.
1093 537 1248 606 llerttmqete
1267 539 1334 605 ictos,
1351 535 1398 606 poi
1408 533 1542 600 specialem
1560 533 1589 588 in
1605 552 1634 589 re
1643 530 1773 604 singulari
1788 529 1836 604 by·

1095 601 1233 674 poto'eeam
1250 603 1346 662 babent
1365 619 1427 660 tam
1436 603 1585 726 Xrivilegim
1601 605 1712 671 potiores
1729 622 1785 656 etse
1800 605 1836 660 il·

1079 677 1132 730 'lis
1141 712 1151 744 ,
1169 674 1261 743 onibus
1280 679 1309 730 in
1326 677 1418 728 omnia
1452 693 1502 728 arta
1515 673 1566 742 jtes
1583 667 1722 740 bypotbecae
1738 671 1837 730 datan

1099 757 1156 797 est.
1184 744 1221 799 Et
1238 761 1287 812 otto
1304 743 1399 798 ordine.
1412 743 1530 798 materia
1546 741 1703 808 prelationis
1721 759 1835 799 commo·

1096 812 1207 866 dissime
1223 811 1345 868 videeterr
1361 807 1536 881 enplicanda?

1032 875 1072 936 18.
1089 877 1230 950 ireftrtter
1247 879 1367 937 emeibas
1385 886 1430 949 otti
1436 885 1466 936 in
1475 877 1605 935 militiam
1622 878 1763 935 emendam
1779 899 1836 937 cre-

1097 949 1165 1004 didit
1184 969 1246 1005 ettm
1266 951 1343 1018 paiio
1360 953 1469 1024 pignoris
1492 953 1521 1006 in
1539 948 1694 1014 scripturam
1711 948 1836 1009 resistite.

1097 1020 1147 1073 An
1164 1016 1276 1074 idbodie
1294 1016 1381 1074 edbttc
1389 1016 1505 1074 obtineat
1515 1019 1544 1074 in
1561 1019 1604 1086 iis,
1622 1019 1667 1087 qtee'
1683 1017 1724 1071 ad
1734 1039 1831 1078 manere

1098 1089 1191 1143 venale
1207 1082 1546 1144 emendamcreaiderstnt?
1560 1087 1649 1160 Qeiale
1660 1085 1711 1157 jtts
1728 1087 1837 1158 babeat,

1097 1160 1143 1228 ossi
1160 1156 1268 1212 eredidit
1297 1160 1324 1213 itt
1342 1161 1485 1212 emtionem
1502 1175 1591 1213 reram
1610 1174 1670 1212 com
1685 1157 1778 1229 pabio,
1803 1175 1835 1214 stt

1097 1224 1148 1280 sibi
1165 1243 1299 1280 retemta
1323 1229 1422 1299 pignori
1438 1221 1517 1280 tint?
1543 1225 1579 1282 Et
1597 1224 1664 1296 qaid
1678 1225 1704 1279 si
1718 1227 1836 1283 oreditor

1098 1313 1155 1349 rem
1171 1293 1334 1351 immobilem
1352 1294 1495 1352 vendiderit
1509 1292 1567 1366 fide
1582 1299 1616 1350 dr
1628 1295 1708 1363 pretio
1726 1295 1835 1368 babitu,

1098 1365 1123 1420 si
1138 1367 1320 1431 ipsosolentnis
1329 1365 1480 1421 traditionis
1494 1367 1676 1433 instromenta,
1690 1368 1735 1422 oet
1746 1381 1836 1434 postea

1098 1451 1129 1490 ets
1146 1434 1294 1503 intervallo,
1310 1451 1350 1488 res
1367 1435 1417 1489 illa
1433 1435 1459 1489 ei
1473 1448 1518 1503 pro
1535 1433 1638 1492 residuo
1662 1439 1745 1502 pretia
1769 1433 1837 1494 obli·

1124 1500 1191 1558 tetri

1092 1519 1148 1642 gui
1166 1571 1194 1626 in
1210 1566 1378 1639 rnfebiioncnt
1387 1568 1484 1626 editam
1501 1587 1550 1628 atet
1567 1569 1643 1628 navis
1661 1573 1836 1644 ereoidesretet,
1894 1607 1914 1614 --

1097 1637 1194 1696 babent
1212 1645 1241 1696 in
1259 1643 1324 1696 novi
1341 1640 1386 1696 ool
1400 1641 1476 1694 domo
1497 1642 1662 1716 privilegiam
1680 1663 1741 1701 cam
1759 1644 1837 1714 bypa-

1095 1709 1192 1779 tbeca;
1219 1713 1284 1766 item
1301 1710 1425 1764 locatores
1449 1709 1601 1776 praeliarem
1618 1716 1647 1770 itt
1664 1715 1773 1772 inoeilis
1800 1711 1836 1774 θ

1096 1779 1183 1834 illatis
1199 1779 1337 1848 preciosis,
1354 1777 1455 1835 demini
1472 1776 1716 1842 direnietstmitet
1733 1797 1833 1852 proca-

1095 1867 1169 1917 none,
1187 1849 1292 1915 solario,
1308 1865 1406 1914 censet3
1426 1847 1590 1904 Unioersites
1605 1870 1726 1926 agrorum
1743 1851 1836 1927 aggtre

1094 1918 1276 1983 munitorum,
1301 1918 1329 1970 in
1346 1915 1439 1984 pradia
1455 1917 1614 1990 singolorum
1637 1936 1682 1990 pro
1706 1925 1831 1992 impensis·

1095 2005 1218 2060 oggerum
1235 1986 1452 2069 molendinorum,
1470 1983 1503 2046 (5
1518 1989 1605 2054 plores
1621 1993 1682 2046 alii.
1881 2001 1882 2004 ’

1030 1587 1073 1646 ῐ9.

965 2073 968 2078 ·
1027 2071 1068 2116 w.
1086 2053 1164 2127 Quid
1171 2055 1257 2124 juris,
1274 2057 1300 2110 si
1315 2073 1376 2111 stem
1395 2057 1458 2126 illts,
1476 2059 1522 2137 qai
1538 2060 1566 2112 in
1583 2063 1724 2115 emtionem
1741 2055 1834 2116 domas
1863 2051 1873 2070 ⁶

1095 2141 1145 2182 aas
1163 2123 1424 2193 naoiscrediderttnt,
1441 2143 1518 2210 ferror
1524 2124 1644 2194 depretia
1658 2129 1753 2197 predii
1765 2125 1830 2186 oero-

1097 2193 1227 2264 ditiorem
1242 2193 1319 2261 poblo
1337 2195 1448 2249 solemne
1461 2195 1573 2264 pignoris
1590 2197 1756 2268 contendant,
1775 2217 1836 2254 coa·

1097 2279 1206 2321 terreant
1233 2265 1278 2332 qai
1293 2277 1381 2332 postea
1409 2261 1572 2322 crediderant
1596 2268 1626 2322 in
1643 2261 1837 2338 resebit‘onem?

1096 2331 1179 2461 grid
1192 2335 1216 2386 sr'
1232 2333 1285 2387 alii
1300 2335 1373 2400 prior
1390 2335 1536 2402 aliipostea
1553 2335 1706 2392 crediderint
1724 2337 1753 2394 in
1769 2331 1836 2408 refe-

1125 2405 1208 2458 ionem
1227 2397 1319 2458 domest
1337 2417 1386 2458 aot
1404 2399 1504 2458 navis?
1521 2402 1614 2476 Quid,
1632 2406 1659 2459 si
1672 2404 1774 2461 demini
1790 2404 1834 2460 di·

1086 2473 1163 2548 'robii
1178 2486 1224 2540 pro
1233 2471 1337 2537 salario,
1354 2469 1517 2532 sonent&
1535 2491 1691 2531 concurrant
1709 2491 1770 2533 cttm
1787 2477 1832 2544 iis,

1098 2543 1144 2612 qtti
1171 2542 1202 2595 in
1220 2541 1410 2610 reparationem
1428 2560 1551 2615 aggerum
1578 2541 1612 2605 &
1629 2544 1838 2604 molendinorum

1096 2603 1291 2666 crediderant?
1376 2669 1380 2678 ,

1028 2692 1072 2752 at.
1089 2677 1201 2748 Mulier,
1219 2693 1329 2748 sponsa,
1346 2695 1408 2736 anor
1422 2679 1547 2746 potatioa
1571 2677 1649 2741 babet
1660 2680 1834 2756 ¹iypotiesant

1098 2767 1159 2804 cam
1173 2745 1303 2820 privilegio
1329 2750 1358 2826 in
1373 2745 1493 2804 omnibns
1510 2753 1607 2808 mariti
1630 2749 1700 2812 bonis
1715 2771 1760 2824 pro
1776 2754 1836 2811 dote

1097 2817 1130 2878 θ
1148 2833 1301 2891 argomento
1318 2834 1386 2887 eyter.
1404 2819 1452 2876 An
1470 2815 1503 2880 Θ
1519 2835 1564 2886 pro
1597 2822 1769 2893 arapbernis?
1786 2825 1836 2881 dn

1098 2886 1131 2948 es
1147 2901 1191 2955 pro
1209 2885 1295 2942 arrbis
1313 2883 1493 2952 sponsalitiis?
1510 2835 1742 2960 Ouidmoribtes?
1911 2903 1917 2913 ’

1025 2970 1073 3022 21.
1088 2957 1149 3013 fast
1166 2957 1306 3013 mullerem
1316 2953 1402 3025 fiscus·
1421 2973 1500 3028 agdus
1519 2979 1550 3012 ex
1568 2979 1653 3017 cama
1667 2961 1838 3035 primipilari,

1097 3022 1131 3087 Θ
1148 3039 1193 3093 pre
1209 3021 1314 3082 tribettis
1332 3027 1360 3080 in
1377 3031 1469 3082 omnia
1486 3030 1586 3086 tioium
1603 3027 1691 3088 bona.
1708 3031 1785 3106 Quid
1798 3037 1834 3088 sit

1098 3113 1183 3162 caasa
1189 3090 1378 3164 primipilaris?
1395 3095 1443 3157 Art
1445 3099 1496 3166 jets
1506 3116 1593 3153 cauta
1598 3101 1768 3170 primipilaris
1785 3120 1834 3156 eot-

1096 3159 1256 3221 tendendam
1274 3160 1316 3217 ad
1327 3183 1378 3234 eet,
1396 3167 1441 3234 qai
1458 3165 1586 3233 stipendia
1601 3172 1723 3227 militam
1740 3173 1769 3227 in
1786 3189 1834 3227 sa·

1098 3237 1158 3290 stris
1174 3247 1324 3302 promant,
1342 3235 1410 3288 inter
1432 3236 1529 3290 milites
1547 3235 1755 3296 distribuenda?

1028 3299 1073 3364 23.
1090 3303 1179 3376 Quale
1190 3305 1241 3374 jets
1258 3302 1358 3358 noteris
1371 3301 1484 3360 maribttt
1513 3301 1610 3364 babeat
1626 3307 1706 3378 fiscos
1721 3321 1765 3376 pr'o
1781 3309 1834 3365 tri·

1099 3372 1168 3429 bostis
1186 3388 1210 3426 et
1228 3371 1296 3428 ortt·
1310 3363 1429 3428 elibos?

1028 3441 1075 3514 24.
1092 3437 1239 3512 introibat
1254 3387 1376 3498 itineris
1394 3439 1469 3498 boetis
1479 3439 1564 3514 fissas
1583 3438 1753 3512 bopotbecaea
1767 3464 1831 3506 caree

1097 3512 1228 3584 privilegia
1245 3509 1342 3568 babeat
1369 3511 1393 3566 si
1408 3529 1439 3565 ea
1456 3513 1593 3570 contraiis

1679 3511 1695 3556 «²

1028 3575 1076 3640 ’πᾶ
1092 3582 1157 3664 Qtto¹
1167 3599 1247 3689 trojae
1265 3578 1311 3637 boc
1349 3580 1384 3636 sci
1395 3580 1445 3650 jus
1455 3579 1541 3638 adbuc
1560 3531 1684 3642 »toribii
1695 3603 1774 3644 assem
1791 3587 1837 3642 in-

1098 3667 1197 3706 ventas.
1224 3647 1345 3720 Pupilla,
1364 3651 1475 3706 minores
1505 3653 1639 3724 civitates,
1649 3655 1780 3724 ecclesias,
1818 3685 1834 3700 -

1100 3716 1292 3776 scetminbonis
1303 3733 1420 3777 tenorum
1439 3690 1693 3780 administratorum
1713 3655 1833 3795 hypatii

1100 3806 1162 3858 sam
1179 3786 1296 3859 quidem,
1315 3805 1345 3843 as
1363 3807 1415 3844 non
1429 3791 1596 3864 privilegiam
1614 3791 1715 3850 babere.
1765 3852 1769 3858 ,

1030 3851 1077 3917 26.
1093 3857 1126 3915 Si
1138 3871 1240 3914 statato
1256 3855 1378 3926 partim
1389 3872 1504 3926 persona
1519 3865 1665 3920 amorosa
1681 3877 1836 3920 moneren-

1101 3939 1146 3984 tar
1159 3926 1241 3994 privil
1268 3927 1340 3998 iata,
1351 3945 1388 3982 an
1400 3931 1501 3999 ppesise
1512 3931 1656 3989 eooeniaett
1673 3931 1764 3989 ordine
1787 3950 1837 4002 qao

1102 3998 1259 4053 nominata.
1283 4011 1309 4051 et
1327 4015 1365 4051 an
1382 4013 1434 4052 nan
1452 4001 1585 4054 nominati
1600 4001 1711 4058 imell'i
1725 3974 1838 4058 deiram

1092 4063 1228 4190 privilegio
1243 4063 1374 4136 destitatti,
1392 4065 1418 4120 si
1427 4063 1494 4138 jore
1510 4069 1583 4124 civili
1587 4071 1745 4146 privilegtati
1760 4065 1842 4125 sint?
1858 4105 1863 4111 -

1110 4153 1129 4190 rt
1145 4132 1305 4221 simplicibus
1322 4131 1506 4207 bypotbecariis
1523 4140 1570 4210 qui
1580 4143 1649 4208 prior
1672 4157 1711 4198 est
1721 4154 1840 4210 tempore

1099 4217 1180 4271 potior
1198 4219 1237 4262 est
1248 4223 1325 4280 jare,
1340 4221 1400 4262 trem
1416 4208 1446 4262 in
1460 4211 1571 4278 pinara,
1589 4213 1694 4266 tamin
1711 4211 1839 4266 accessio-

1100 4272 1197 4332 nibus:
1211 4290 1238 4332 tt
1256 4291 1314 4332 tom
1328 4287 1375 4342 pre
1390 4272 1477 4337 debito
1495 4277 1637 4348 principali
1671 4295 1731 4337 tttm
1746 4287 1792 4350 pro
1808 4298 1841 4338 a·

1101 4345 1180 4415 raris,
1195 4359 1222 4400 et
1239 4357 1311 4412 pana
1328 4343 1359 4401 in
1376 4347 1572 4405 eonoemionem
1588 4320 1743 4419 delibati
1761 4361 1842 4419 etpro

1102 4412 1142 4471 bis
1158 4415 1253 4498 pignos
1266 4411 1408 4484 obligatam
1419 4415 1459 4470 sit
1467 4432 1482 4479 ,¹
1496 4415 1562 4472 item
1598 4437 1625 4472 ro
1651 4417 1776 4488 impensis
1793 4435 1852 4478 ne·‚
1870 4424 1873 4432 ’

1049 4541 1052 4550 ,
1102 4485 1223 4567 cesserris
1240 4484 1271 4544 in
1281 4485 1373 4594 pientes
1384 4479 1486 4557 fabiis.
1504 4431 1707 4560 Qoismoribses
1721 4481 1849 4546 ritinea'

1104 4565 1175 4609 cerco
1193 4571 1305 4610 asaras.
1787 4577 1788 4581 ¹
1817 4575 1821 4582 ’
1905 4571 1910 4578 “

248 4639 303 4691 nist·
320 4639 379 4706 qais
397 4634 430 4690 in
444 4629 628 4690 venditionem
644 4623 900 4696 esorners'ptiomm
917 4638 1006 4680 reram
1033 4617 1123 4682 εΗ
1179 4639 1213 4707 a‚·
1225 4637 1280 4693 oea
1293 4621 1365 4691 prior
1380 4633 1492 4692 tempore
1504 4623 1588 4692 potior
1598 4621 1667 4695 lore
1690 4639 1740 4699 ert,
1756 4619 1845 4684 locam

188 4747 192 4763 .
253 4703 377 4763 debitoris
396 4701 434 4767 δ’
448 4699 556 4760 similia
570 4698 732 4765 t'isemteea,
749 4692 795 4750 eei
812 4694 1006 4750 iroinoentari.

819 4813 873 4832 “na

1198 4707 1229 4748 tn
1241 4693 1345 4765 pignm
1371 4705 1497 4763 expresso,
1521 4694 1613 4766 tacito,
1631 4692 1774 4770 judiciali,
1789 4698 1847 4753 sive
