4022 5354
161 2089 167 2094 .
240 2035 330 2096 nullus
348 2033 511 2092 coheredum
528 2049 562 2090 ex
573 2035 753 2090 conventione
764 2031 805 2088 vel
824 2028 946 2090 defunttr

289 173 365 272 m
927 195 1218 264 mmmm

241 286 344 342 mutari
360 283 441 356 possit
482 279 662 344 idebirovam
679 277 723 341 23.
741 283 768 340 C.
787 281 817 341 de
833 285 934 361 paliis,
951 291 969 345 l.
988 290 1047 345 Im·
1076 306 1152 356 usum
1170 291 1284 352 invenit,
1316 285 1420 350 &heri
1437 281 1564 359 expedit,
1588 299 1649 344 cum
1665 300 1763 356 parens
1779 297 1883 368 eapeg·

240 367 371 421 perorares
388 352 414 412 5.
424 325 465 428 spi
483 354 515 411 de
532 357 662 412 rranraii.
680 356 768 426 Andr,
787 355 869 430 Gayl.
888 355 931 416 ab.
957 375 982 414 a.
1001 358 1046 415 ab·
1075 373 1129 416 stes
1145 361 1180 418 ad
1197 329 1313 420 secunda
1332 373 1395 416 vota
1412 363 1563 427 transiens,
1578 375 1625 439 per
1642 356 1777 425 quandam
1800 351 1882 438 ianas·

243 443 310 481 arra.
333 425 374 492 ιιί.
392 446 418 482 n.
436 428 485 485 alr.
503 423 571 497 Qua
588 428 656 485 adeo
672 437 764 496 certa,
790 441 820 482 ut
843 444 876 482 cx
904 425 970 500 juris
988 425 1045 486 Rc»
1076 427 1117 486 lie
1133 431 1293 488 ercismnda
1311 432 1426 502 speciem
1441 427 1533 486 liberis
1551 429 1646 496 prioris
1654 431 1883 486 matritnoauim-

242 497 320 554 mani
337 498 472 568 principiis
489 495 667 554 creditoribus
684 513 716 553 es
734 501 915 556 conventione
937 495 1046 556 cohere·
1094 496 1219 556 uberibus
1235 505 1352 574 assignat
1371 499 1440 558 bona
1464 502 1582 570 patentis
1607 491 1797 568 pradesunbii3
1822 513 1883 564 quas

242 568 308 626 dum
325 579 373 625 aut
390 569 527 624 testatoris
546 564 687 622 voluntate
706 583 739 624 ne
758 577 821 620 nata
839 567 947 638 quidem
955 565 1046 632 ,luerit
1077 518 1157 640 iunge
1173 572 1277 639 parcius
1294 573 1461 642 assignaret,
1488 571 1529 638 si,
1557 565 1611 622 illis
1636 569 1693 624 sine
1720 578 1886 640 testamento

240 648 376 708 potestas,
393 654 455 694 eum
471 638 589 693 invitum
608 636 636 691 in
653 633 767 690 solidum
784 635 983 711 conveniendi,
1002 643 1047 706 qui
1077 639 1270 710 morientibus,
1289 640 1360 696 bona
1378 657 1471 698 eorum
1488 657 1544 695 non
1562 635 1598 697 ad
1626 648 1763 705 parentem
1790 652 1884 703 super·

242 708 323 766 solidi
341 707 503 764 solutionem
521 711 547 762 vi
565 703 636 774 pam
655 705 696 760 vel
714 707 867 761 testamenti
884 708 913 762 in
931 726 959 765 se
975 725 1046 766 rece-
1077 709 1167 764 stitem
1183 727 1216 766 ex
1235 708 1290 779 jure
1309 709 1487 779 Aesdomico,
1513 705 1558 764 red
1575 706 1609 764 ad
1632 697 1806 774 pradefunbii
1833 721 1884 775 pa-

243 790 337 848 perat,
354 793 465 846 quemve
481 771 626 836 defundes
642 771 784 834 contradict
809 793 858 830 suo
885 783 1047 834 nominatim
1078 783 1161 835 tentis
1179 779 1353 846 proximiores
1372 779 1426 840 iure
1443 774 1814 842 scabiniccdevolverenmu
1829 793 1885 832 un·

244 853 274 902 in
291 847 404 904 solidum
421 849 547 906 creditori
563 846 737 911 devinxerat,
755 844 800 900 md
818 841 905 902 adhuc
922 863 982 903 cum
991 851 1047 903 sin·
1077 850 1110 904 de
1127 847 1233 915 palium
1250 865 1316 906 tunc
1335 848 1469 924 adjicitur,
1486 862 1515 904 ut
1533 853 1561 902 in
1582 845 1652 902 bona
1669 843 1884 918 assignatahes-

241 915 312 992 gulis
328 935 377 986 pro
394 931 454 973 rata
471 914 664 985 experiundum
681 911 781 983 i'uerit,
796 914 863 970 dato
879 917 913 973 iis
930 935 1048 989 regressu
1077 918 1184 976 domiso
1204 916 1262 987 iure
1278 921 1453 989 succedatur,
1471 917 1497 972 d.
1517 914 1697 974 Ordonaamia
1717 935 1771 972 aaa
1788 913 1821 968 de
1836 915 1886 969 Fa-
1975 981 1981 990 ι

241 988 370 1045 adversus
387 985 482 1058 illn'm,
499 992 550 1057 qui
561 984 642 1043 solidi
663 984 798 1038 solutione
823 982 970 1043 secundum
996 984 1047 1055 jam
1078 991 1153 1044 lirion
1170 985 1265 1044 binnan
1282 987 1408 1046 Holland.
1426 1005 1480 1044 art.
1497 1001 1540 1058 ap
1552 981 1756 1057 Hugofirotius
1769 981 1885 1040 matred.

241 1057 316 1118 <iiiia
332 1062 458 1134 grassatus
474 1059 587 1125 erat,i.
606 1075 677 1110 seraa
693 1055 775 1124 legata
790 1052 836 1124 69
853 1046 880 1126 §.
899 1058 924 1111 si
938 1072 1048 1111 tartaron
1077 1058 1118 1114 ad
1126 1057 1276 1128 jurisprud.
1294 1055 1421 1116 Halaesi.
1439 1055 1483 1114 iii.
1503 1075 1530 1114 a.
1548 1069 1604 1123 cap.
1623 1067 1666 1124 29.
1693 1073 1769 1110 nam.
1796 1069 1822 1126 7.
1849 1053 1888 1116 ὁ·

240 1141 268 1184 a.
281 1125 317 1200 ff.
335 1127 367 1182 de
385 1129 474 1201 legaris
497 1145 519 1184 ι.
538 1127 557 1182 l.
575 1139 660 1194 eum,
676 1129 721 1194 pai
737 1125 777 1178 ira
794 1123 837 1180 56.
856 1122 893 1191 ff.
911 1141 937 1180 re
954 1123 988 1186 (α
1006 1127 1047 1180 Ti·
1077 1127 1102 1183 ti.
1122 1127 1171 1184 Uti
1188 1147 1221 1185 ex
1238 1133 1354 1188 adverso
1370 1146 1474 1198 quoque
1492 1125 1548 1182 fieri
1566 1138 1668 1196 potest,
1685 1137 1715 1179 ut
1733 1141 1884 1190 parenssu-

242 1215 302 1256 rum
325 1215 347 1254 r.
360 1178 398 1268 d(
413 1195 445 1252 da
463 1193 559 1252 verbor.
577 1193 724 1267 obligatior.
743 1193 761 1249 i.
777 1195 855 1260 palio
872 1213 1048 1254 successorum
1078 1212 1178 1268 perstes
1195 1200 1299 1265 parcius
1315 1197 1406 1256 liberis
1423 1199 1517 1262 prioris
1540 1194 1710 1254 matrimonii
1736 1191 1885 1262 impuberi-

241 1268 288 1326 26.
306 1268 332 1323 C.
351 1265 484 1335 asparis
498 1263 620 1338 ,Jaamb
639 1261 731 1320 Goris.
751 1261 886 1320 adversar.
913 1265 994 1320 erait.
1021 1260 1047 1319 i.
1079 1269 1127 1324 bus
1143 1269 1280 1340 assignans
1298 1263 1468 1333 praedefuncti
1484 1272 1603 1336 parentis
1621 1259 1771 1334 facultates,
1795 1284 1800 1293 ¹
1838 1281 1886 1320 um

240 1353 369 1408 pam
376 1331 570 1405 memsam.
588 1331 614 1389 5.
633 1332 666 1395 dt
683 1354 749 1406 seqq.
769 1329 850 1389 Conf.
869 1337 911 1390 tir.
938 1334 969 1389 de
996 1332 1047 1390 rei.
1077 1351 1209 1406 apponat,
1228 1355 1261 1392 ne
1279 1341 1332 1402 ipse
1349 1336 1468 1413 inbona
1485 1342 1620 1408 assignata
1638 1331 1695 1405 inre
1762 1335 1888 1412 ;0mico,

241 1406 310 1465 cred.
329 1426 402 1464 narn.
424 1420 464 1476 17.
511 1405 563 1462 uod
581 1418 672 1462 tamen
691 1402 808 1459 moribus
826 1404 973 1462 nostrised
990 1405 1047 1459 evi·
1077 1407 1124 1466 sed
1142 1401 1313 1475 pradefunitt
1329 1407 1451 1478 coniugis
1468 1411 1579 1478 cognati
1597 1400 1741 1460 scabinico
1759 1419 1886 1472 purgem.

241 1479 337 1535 tandas
354 1477 443 1534 litium
460 1492 503 1532 am
539 1493 586 1548 ges
602 1491 634 1530 ac
654 1474 905 1544 multiplicationem
915 1485 1048 1532 mutatum
1075 1495 1191 1534 cessores
1208 1477 1285 1544 sint,
1312 1473 1374 1532 licet
1395 1488 1459 1533 tunc
1485 1473 1559 1532 nullu
1586 1471 1734 1531 liberorum
1760 1471 1886 1542 impube-

242 1545 338 1619 aiaut,
354 1545 532 1605 creditoribus
549 1560 582 1601 ex
600 1544 723 1614 equitate
739 1544 917 1601 concedentes
936 1539 1047 1598 saculta-
1077 1563 1137 1604 rum
1154 1543 1258 1601 utilitas
1274 1555 1413 1614 apparent:
1441 1561 1502 1600 cum
1520 1547 1681 1612 generaliter
1706 1539 1819 1598 liberam
1854 1560 1888 1599 a·

243 1631 300 1676 tem
318 1621 346 1672 in
364 1615 478 1674 solidum
495 1614 675 1672 conveniendi
693 1611 788 1683 illum,
811 1629 889 1682 quem
906 1610 1047 1670 desunbius
1077 1615 1194 1672 ciscendi
1212 1615 1351 1674 licentiam
1369 1619 1428 1672 sine
1441 1612 1608 1672 restriiiione
1617 1613 1749 1676 concedat
1758 1611 1801 1668 les
1827 1611 1887 1668 ,ol-

241 1698 407 1745 testamento
431 1685 473 1742 vel
501 1681 579 1754 padio
623 1697 671 1740 aut
698 1682 841 1740 coheredes
865 1689 1047 1741 conventione
1079 1686 1204 1757 landica,
1229 1683 1256 1738 d.
1275 1701 1326 1742 aar.
1345 1698 1389 1756 29.
1460 1703 1494 1742 ue
1521 1702 1575 1755 ejus
1601 1679 1735 1752 padlionis
1760 1683 1889 1740 ineunda

241 1770 352 1825 mutua,
369 1757 399 1812 in
418 1754 533 1812 solidum
551 1723 693 1810 voluerunt
710 1769 863 1825 gravatum,
885 1749 1046 1812 Lambertus
1078 1751 1191 1812 facultas
1206 1760 1371 1812 sustineatur
1387 1772 1421 1812 es
1453 1772 1533 1809 avore
1552 1751 1716 1820 liberorum,
1734 1751 1779 1808 sed
1797 1753 1887 1811 mais

239 1826 325 1884 Goris
341 1824 367 1882 d.
386 1826 464 1882 troil.
484 1819 510 1880 5.
528 1845 603 1880 num.
625 1842 649 1894 ,¹-
668 1823 701 1884 (9
718 1843 745 1884 rr
761 1821 1046 1894 pGroenevvegenad
1078 1843 1126 1893 pro
1145 1826 1251 1881 ratione
1267 1842 1298 1878 ae
1318 1821 1495 1880 fundamento
1513 1821 1611 1881 habeat
1621 1819 1774 1879 liberiorem
1791 1821 1826 1880 de
1872 1851 1886 1866 -

237 1895 266 1952 d.
286 1897 303 1953 i
320 1894 364 1966 69.
412 1908 463 1950 .a.
474 1894 510 1964 ff.
529 1892 561 1947 de
580 1893 671 1967 legaris
702 1912 723 1949 ι.
745 1845 811 1950 imo
838 1888 893 1958 iure
918 1891 1046 1964 singulari
1077 1895 1190 1951 reditate
1208 1897 1322 1951 viventis
1340 1893 1490 1960 paciscendi
1508 1905 1675 1963 potestatem,
1694 1887 1883 1950 Rodenburcb

239 1963 341 2038 placuit
391 1959 591 2032 ecliniensibus,
607 1961 785 2022 creditoribus
803 1963 967 2020 etiamtunc
986 1980 1047 2020 cum
1077 1963 1109 2018 de
1120 1964 1186 2035 jare
1204 1964 1306 2036 conjug.
1324 1963 1404 2020 rrum.
1421 1963 1489 2031 peel.
1508 1963 1576 2020 mir.
1592 1961 1625 2017 de
1651 1977 1813 2018 staturarum
1839 1961 1885 2020 d·-

956 2003 1046 2102 dispo·
1076 2031 1270 2103 conrintini.
1288 2049 1360 2100 parre
1378 2033 1465 2090 altera
1482 2047 1539 2099 cap.
1559 2047 1583 2084 a.
1602 2050 1676 2087 num.
1698 2047 1721 2086 ι.
1731 2047 1755 2087 a.
1764 2045 1820 2106 pag.
1830 2035 1886 2088 mi-

237 2106 338 2162 sitione
356 2106 386 2162 in
413 2102 530 2161 solidum
550 2113 678 2160 oneratus
705 2103 863 2173 invenitur,
890 2099 1047 2158 elebiionem
1078 2101 1105 2158 bi
1126 2103 1182 2174 ¹57·
1205 2101 1262 2158 rbi.
1280 2101 1341 2161 Nec
1360 2100 1402 2158 his
1420 2097 1587 2172 paiiionibus
1604 2100 1748 2161 admodum
1762 2102 1903 2160 dissimiv

239 2189 409 2244 competere,
426 2183 523 2230 contra
540 2189 618 2245 quem
635 2189 670 2228 ex
690 2171 810 2240 pluribus
828 2178 857 2228 in
875 2171 991 2229 solidum
1000 2189 1046 2229 err-
1076 2171 1109 2229 lis
1128 2171 1174 2228 illa
1189 2187 1249 2243 est,
1267 2190 1319 2242 quo
1335 2169 1434 2238 coniux
1452 2183 1602 2242 superstes,
1628 2171 1732 2240 parcius
1749 2167 1821 2230 forte
1838 2189 1883 2229 as-

235 2246 320 2314 periri
337 2243 442 2308 velint3
470 2260 504 2298 ne
524 2243 551 2296 in
577 2242 662 2311 plures
684 2242 819 2299 debitores
843 2242 1047 2314 distringeretur
1076 2245 1185 2310 signans
1203 2241 1293 2300 liberis
1312 2243 1406 2308 prioris
1424 2241 1498 2300 thori
1524 2258 1571 2298 sua
1601 2237 1673 2299 bona
1700 2256 1810 2307 paterna
1838 2239 1891 2317 reis

238 2313 378 2384 creditor,
394 2314 440 2382 qui
457 2329 518 2368 cum
534 2327 591 2366 uno
607 2323 796 2379 contraxerat,
814 2310 889 2367 salva
907 2309 999 2370 heredi
1017 2318 1045 2367 in
1076 2326 1217 2380 materna,
1236 2312 1390 2383 promittit,
1408 2309 1485 2382 sore,
1513 2325 1544 2367 ut
1562 2309 1642 2368 liberi
1667 2311 1762 2382 prioris
1788 2312 1886 2368 matri·

241 2383 358 2440 solidum
374 2381 555 2440 condemnato
572 2377 677 2438 afflone
694 2395 790 2438 contra
806 2378 949 2438 coheredes
959 2381 993 2438 ad
1003 2383 1045 2438 in·
1076 2383 1161 2440 annii
1178 2397 1240 2438 cum
1257 2380 1375 2452 coniugii
1395 2383 1548 2453 posterioris
1565 2379 1656 2438 sobole
1673 2378 1724 2438 sibi
1734 2383 1886 2464 assignanti

239 2453 415 2510 demnitatem
433 2471 481 2521 pro
498 2466 576 2522 rata,
594 2451 704 2508 &arara
725 2450 905 2507 Mecbiiniear.
932 2453 974 2506 tir.
1006 2448 1044 2508 16.
1076 2451 1211 2521 aqualiter
1227 2453 1389 2510 succedant:
1417 2459 1468 2509 etsi
1484 2452 1567 2509 distet
1585 2456 1614 2505 in
1633 2469 1665 2508 eo
1690 2468 1708 2505 a
1725 2449 1884 2522 prioribus,

239 2539 293 2579 arr.
313 2517 356 2592 37.
375 2519 444 2578 Vicc
461 2539 535 2578 versa
553 2537 658 2592 quoque
676 2519 718 2578 vel
735 2539 769 2576 ex
788 2523 869 2590 ipsius
877 2519 994 2578 Romani
1005 2516 1044 2589 iu·
1075 2523 1146 2590 quod
1164 2523 1194 2578 in
1212 2519 1265 2577 illis
1282 2522 1358 2578 salva
1376 2518 1467 2578 liberis
1484 2532 1592 2600 nupeat
1611 2519 1722 2578 licentia
1737 2520 1883 2592 disponen-

239 2595 277 2650 ris
292 2592 467 2660 dispositione
483 2593 512 2650 id
529 2591 654 2659 obtinet,
684 2589 796 2659 quodsi
823 2589 951 2649 heredum
978 2608 1046 2648 unus
1073 2593 1103 2650 di
1121 2603 1280 2648 testamento
1298 2597 1327 2647 iu
1344 2597 1529 2660 contrarium,
1548 2588 1595 2646 ubi
1611 2590 1646 2648 ad
1662 2602 1770 2648 atatem
1787 2592 1823 2648 ad
1841 2604 1884 2646 te·

239 2678 275 2720 ex
292 2659 383 2720 officio
401 2656 494 2727 iudicis
513 2661 555 2718 vel
593 2657 661 2732 rito,
680 2658 722 2716 vel
740 2663 877 2716 testatoris
893 2660 1045 2731 dispositio·
1074 2661 1200 2717 standum
1218 2659 1368 2730 legitimam
1385 2665 1571 2730 pervenerint,
1587 2655 1697 2716 Grotius
1714 2658 1740 2712 d.
1758 2674 1815 2727 cap.
1835 2672 1882 2742 29.

240 2751 275 2792 ne
293 2732 329 2790 ad
346 2731 426 2790 solidi
444 2729 527 2788 debiti
544 2747 575 2788 so
586 2736 706 2788 utionem
723 2725 864 2787 devindus
881 2735 935 2797 sit,
951 2747 984 2788 ac
1002 2749 1045 2786 re·
1075 2751 1149 2786 nam.
1169 2748 1194 2786 a.
1213 2725 1238 2787 3.
1257 2728 1283 2796 d.
1302 2728 1327 2786 5.
1347 2736 1375 2785 in
1394 2729 1444 2786 hac
1463 2749 1558 2799 parens
1580 2729 1635 2796 ipse
1662 2745 1710 2786 suo
1738 2723 1809 2785 fauo
1837 2748 1884 2783 vr·

239 2801 306 2874 liqui
323 2809 368 2872 per
385 2802 545 2860 creditorem
562 2818 611 2870 pro
628 2813 688 2856 rata
708 2813 782 2871 parte
799 2799 1044 2872 conveniantur,li·
1073 2800 1168 2856 deatur
1186 2798 1314 2860 haiienus
1330 2798 1382 2855 sibi
1401 2798 1514 2858 liberam
1532 2799 1656 2858 ademisse
1674 2799 1828 2856 testamenti
1839 2793 1886 2854 fi·

239 2871 303 2932 bera
321 2873 384 2942 ipsis
400 2882 518 2942 potestas
535 2870 570 2924 sit
588 2885 636 2927 suo
653 2869 712 2924 loco
728 2867 908 2928 substituendi
926 2887 997 2938 eum,
1015 2871 1044 2924 in
1074 2867 1210 2939 iiionem,
1229 2888 1264 2926 ne
1282 2869 1339 2938 plus
1357 2873 1510 2937 posterioris
1527 2887 1609 2941 quam
1627 2871 1722 2937 prioris
1738 2871 1883 2926 matrimo-

190 2997 194 3004 ,
238 2959 316 3015 quem
333 2959 402 2998 onus
420 2934 533 2997 adiion'ls
551 2941 590 2994 ita
608 2935 773 2995 translatum
790 2949 848 3008 est,
879 2938 898 2992 l.
914 2941 992 3008 piane
1018 2952 1043 2994 e.
1075 2945 1114 2996 nii
1132 2939 1225 2996 liberis
1242 2939 1395 3009 relinquat,
1415 2939 1553 3010 Responsa
1570 2940 1711 2998 iuriscons.
1731 2935 1806 2996 Holl.
1821 2953 1882 3008 par.

239 3019 258 3068 Ι.
275 3014 301 3067 si
311 3007 374 3080 filia
392 3027 435 3066 ao.
452 3003 478 3079 0.
497 3011 562 3064 irem
580 3009 742 3074 [opinianus
759 3007 785 3062 8.
802 3006 835 3076 ff.
853 3005 878 3062 i.
895 3023 915 3064 r.
1075 3004 1103 3064 5.
1122 3009 1170 3066 voi.
1193 3027 1214 3064 ι.
1233 3027 1301 3065 conr.
1320 3009 1364 3068 bd.
1383 3027 1460 3068 versu
1476 3027 1520 3066 rm
1537 3011 1643 3068 dardan.
1655 3007 1708 3070 Sed
1724 3026 1787 3068 eum
1804 3005 1885 3078 pabit

274 3077 318 3138 ei.
339 3076 388 3135 Pro
405 3097 460 3152 qua
475 3093 566 3154 autem
584 3091 659 3146 parte
678 3074 788 3134 heredes
805 3075 905 3149 singuli
916 3073 1043 3136 ferrede-
1074 3076 1140 3135 talia
1160 3075 1295 3136 bonorum
1312 3093 1484 3147 paternorum
1503 3081 1547 3139 vel
1565 3095 1751 3140 maternorum
1766 3079 1887 3154 assignate

238 3147 323 3206 beant
340 3165 411 3206 onus
426 3148 484 3206 eris
501 3147 603 3216 alieni,
620 3151 643 3202 si
660 3144 728 3202 aiter
745 3145 897 3217 mobilium,
913 3148 1044 3206 alterins·
1073 3145 1195 3206 tionibus
1211 3144 1315 3216 adjeiia
1335 3155 1380 3206 vix
1397 3153 1501 3220 uspiam
1518 3166 1595 3210 eitra
1616 3145 1794 3208 Hollandiam
1822 3167 1883 3218 pro-

238 3217 380 3276 mobilium
399 3216 543 3287 bscessit,
560 3223 581 3274 ri
599 3220 657 3288 quis
674 3234 721 3284 pro
737 3215 893 3274 diversitate
910 3215 1045 3289 locorum,
1075 3217 1223 3288 betasius,
1240 3213 1384 3286 Ultrajedii
1403 3235 1475 3277 certe
1482 3219 1650 3290 improbata,
1659 3218 1887 3279 considerandum·

239 3290 271 3346 in
287 3286 384 3361 quibus
400 3291 453 3343 sita
471 3297 533 3346 sunt
549 3283 672 3344 defunbii
690 3285 853 3364 immobilia,
873 3304 963 3342 rerum
980 3301 1044 3344 tan·
1074 3285 1172 3356 obiter,
1192 3305 1281 3344 retum
1297 3289 1405 3359 quidem
1427 3289 1605 3348 immobilium
1622 3291 1727 3348 intuitu
1744 3287 1821 3360 pabia
1831 3296 1883 3346 ista

236 3367 297 3418 tun
315 3360 482 3430 quarundam
498 3373 630 3414 successor
646 3356 698 3428 sit,
716 3369 762 3413 aut
781 3371 822 3422 Jus
839 3357 938 3428 rigeat,
956 3371 1044 3428 utpa-
1073 3370 1208 3416 conventa
1224 3371 1338 3420 tantum,
1348 3355 1470 3417 effeiium
1486 3381 1541 3419 esse
1558 3365 1687 3416 sortitura
1705 3375 1839 3428 quantum
1848 3358 1883 3416 ad

235 3439 317 3488 terna
336 3425 407 3484 bona
424 3442 558 3498 paterne,
577 3439 699 3483 materna
713 3425 1043 3507 maternaeitpeecedann
1076 3425 1225 3482 immobilia
1242 3433 1270 3483 in
1293 3424 1450 3498 Hollandia,
1470 3447 1524 3486 non
1543 3429 1608 3485 item
1624 3425 1690 3483 alibi
1706 3436 1759 3484 sita
1775 3428 1833 3504 illis
1852 3431 1883 3484 in

237 3497 334 3570 quibus
352 3501 381 3553 in
397 3497 502 3554 casibus
520 3498 550 3553 in
567 3495 682 3554 solidum
700 3491 800 3568 singuli
816 3513 852 3552 ex
873 3514 927 3562 rure
943 3493 1043 3554 Roma·
1073 3497 1158 3566 locis,
1177 3503 1204 3552 in
1223 3495 1320 3569 quibus
1338 3495 1407 3555 tales
1423 3500 1580 3568 displicuere
1596 3499 1803 3568 conventiones.
1823 3495 1884 3552 Va-

236 3586 276 3624 no
292 3562 433 3626 conveniri
451 3572 573 3636 passima
599 3567 705 3634 alisque
732 3564 832 3624 similes
854 3561 1044 3637 difficultates,
1075 3565 1155 3624 litura
1172 3578 1264 3626 tamen
1281 3583 1337 3626 esse
1371 3583 1482 3628 uantum
1499 3566 1692 3628 adimznobiiia
1705 3563 1884 3652 Hollandica,

237 3637 408 3698 discutiendae
427 3643 516 3706 potius
534 3637 661 3694 videntur
677 3633 714 3691 ad
740 3635 784 3692 rit.
812 3633 844 3688 dr
871 3639 971 3702 acquir.
1002 3637 1047 3695 ael
1074 3653 1128 3716 non
1148 3636 1242 3704 modo,
1260 3643 1283 3693 si
1301 3645 1329 3695 in
1351 3585 1498 3697 ilollandia
1515 3653 1604 3698 essent
1623 3642 1711 3702 inita,
1737 3635 1784 3694 sed
1811 3639 1838 3694 dr
1856 3655 1885 3692 sa

238 3711 323 3766 emite.
342 3707 427 3764 iered.
455 3705 525 3765 Vide
551 3711 662 3765 interim
679 3701 856 3762 isambertum
883 3703 965 3764 Goris
992 3707 1043 3762 ad-
1072 3705 1140 3762 alibi
1156 3703 1309 3777 celebrata,
1335 3707 1384 3766 ubi
1412 3707 1501 3768 nullus
1531 3709 1630 3768 talium
1655 3703 1793 3776 mdiorum
1820 3724 1884 3762 usus

237 3798 337 3840 ursas.
357 3777 436 3834 tradi.
456 3792 482 3833 a.
910 3821 913 3827 A
1071 3789 1130 3843 esta
1146 3793 1179 3833 eo
1196 3777 1267 3844 quod
1285 3777 1450 3836 tralatitium
1467 3792 1508 3838 est
1525 3777 1676 3838 immobilia
1699 3791 1830 3846 quantum
1847 3773 1884 3838 ad

272 3861 316 3920 am
336 3844 473 3904 Divisioni
491 3841 647 3904 hereditatis
665 3837 741 3912 paea
758 3848 833 3899 varia
851 3841 1043 3914 addipossuntr
1072 3849 1248 3905 successiones
1265 3851 1321 3920 regi
1337 3843 1395 3973 gare
1412 3846 1484 3917 loci,
1503 3852 1539 3908 in
1566 3867 1620 3924 quo
1645 3863 1726 3906 arnt.
1754 3845 1884 3902 Valitura

238 3917 323 3976 veluti
341 3917 374 3974 de
391 3911 525 3976 evidiione
543 3913 713 3984 prestanda,
731 3925 776 3971 aut
795 3913 993 3984 indemnitate,
1019 3916 1042 3971 si
1071 3917 1134 3974 deni
1153 3935 1185 3972 ue
1201 3917 1273 3972 circa
1291 3935 1337 3973 mo
1357 3917 1404 3974 ilia
1420 3918 1572 3993 ubicunque
1588 3926 1652 3990 sita,
1668 3919 1707 3974 ita
1723 3915 1844 3986 demum,
1860 3920 1886 3972 si

236 3983 367 4043 foeteret
383 3991 564 4055 evincantur,
590 3981 634 4042 vel
651 3979 783 4041 debitores
810 3981 966 4040 hereditarii
994 3987 1043 4042 uni
1071 3988 1146 4054 impu
1181 4002 1240 4055 res,
1257 3985 1352 4054 quibus
1369 3991 1519 4060 assignatio
1537 3989 1670 4047 bonorum
1685 4005 1720 4060 ea
1735 3985 1792 4061 lege
1810 3981 1886 4045 uiis
1967 4041 1974 4055 ,

234 4057 364 4118 assignati
381 4053 510 4123 solvendo
529 4071 585 4112 uon
602 4060 679 4120 sinte
695 4064 742 4130 aut
761 4053 820 4110 vice
836 4068 929 4111 versa:
947 4054 1041 4127 deque
1070 4069 1129 4123 est,
1147 4060 1175 4111 in
1195 4049 1344 4116 Hollandia
1360 4057 1527 4116 domicilium
1545 4057 1678 4130 foveant,
1713 4072 1760 4116 aut
1779 4057 1835 4121 alio
1852 4061 1883 4114 in

235 4119 377 4184 eviffionis
395 4123 564 4192 prestatione
583 4120 633 4180 hoc
652 4127 680 4179 in
701 4121 799 4186 iudicio
825 4122 914 4179 dicam
940 4125 982 4182 tir.
1009 4121 1043 4177 de
1072 4123 1132 4180 loeo
1158 4121 1292 4192 mutones
1329 4128 1480 4188 istiusmrdi
1517 4147 1572 4187 non
1601 4125 1791 4199 reprobantes
1818 4143 1884 4184 cum

235 4194 402 4254 tuillium&
419 4195 511 4262 scripsi
529 4195 557 4251 ia
583 4193 662 4250 trabi.
682 4189 777 4266 fhmil.
803 4190 959 4248 erciscundae
983 4208 1040 4262 cap.
1070 4213 1133 4253 usus
1160 4195 1298 4252 induxerit
1324 4201 1502 4272 communis,
1533 4198 1647 4258 mobilia
1673 4201 1729 4272 regi
1755 4212 1889 4268 oportere

240 4261 280 4322 ri.
298 4281 372 4319 nrm.
391 4261 416 4320 5.
434 4261 467 4324 ds
484 4282 551 4335 seqq.
569 4257 608 4319 Fr
674 4281 705 4319 ns
722 4263 847 4331 precipue
872 4279 905 4316 ac
931 4261 1042 4332 probata
1070 4262 1202 4322 domicilii
1232 4259 1306 4335 iure,
1334 4281 1364 4325 ut
1390 4265 1493 4334 dicium
1517 4265 1599 4327 latius
1624 4269 1659 4330 de
1686 4274 1814 4326 statutis.
1842 4263 1882 4340 lit

233 4339 266 4392 in
284 4330 434 4392 Hollendia
451 4346 491 4390 est
508 4329 596 4403 patira
640 4351 655 4390 e
682 4329 772 4390 littura
799 4331 984 4402 successione,
1010 4347 1041 4392 ut
1071 4350 1162 4398 tamen
1179 4329 1300 4393 sufficere
1318 4337 1458 4409 videatur,
1473 4351 1559 4411 tunc,
1584 4357 1647 4398 eum
1665 4341 1813 4412 assignrrlo
1830 4333 1882 4396 bo·
1943 4337 1949 4344 '

233 4422 331 4475 nunpe
349 4401 439 4470 bona,
456 4419 512 4475 que
529 4408 625 4470 cuique
639 4419 675 4460 ex
689 4401 826 4458 divisione
852 4401 1041 4474 obvenerunt,
1072 4405 1211 4464 norum&
1231 4403 1319 4473 paiiio
1335 4407 1579 4482 interponebatur,
1595 4408 1727 4469 domicilii
1744 4407 1802 4482 lege
1819 4425 1883 4470 mm

232 4490 310 4540 certo
325 4473 405 4532 modo
421 4471 601 4533 devolvantur
618 4484 676 4540 post
689 4486 808 4528 mmtem
826 4487 932 4552 eorum,
944 4471 1041 4543 quibus
1070 4469 1149 4534 luisse
1167 4473 1327 4546 probatam,
1344 4479 1395 4534 etsi
1414 4492 1504 4546 pasees
1520 4480 1689 4539 domiciiimn
1706 4479 1741 4537 ad
1759 4477 1815 4539 tale
1825 4494 1884 4539 ter·

233 4557 379 4614 cesserunt,
395 4539 480 4604 clodia
498 4538 569 4600 forte
585 4549 751 4600 successione
768 4542 914 4600 mundum
932 4541 1040 4602 unes-
1070 4545 1193 4600 ritorium
1210 4543 1371 4608 translatum
1390 4543 1489 4621 fuerit,
1507 4549 1538 4607 in
1555 4566 1610 4625 quo
1627 4552 1665 4608 ita
1685 4550 1885 4619 pacireiintee-

228 4619 386 4688 dommum,
410 4625 458 4671 aut
477 4609 668 4682 Scabinicrau,
695 4624 772 4682 prout
800 4613 829 4671 id
856 4612 913 4670 div'
950 4612 1040 4673 nribus
1068 4610 1171 4673 didam
1187 4628 1265 4674 erat.
1284 4612 1332 4672 Uti
1350 4634 1383 4674 ex
1401 4617 1535 4693 adverso,
1560 4622 1585 4680 si
1613 4635 1733 4688 tempore
1758 4639 1885 4682 conven-

231 4695 319 4748 visum
336 4683 437 4755 suerit,
454 4681 638 4740 Ordonnarrrr'e
664 4681 830 4740 sanfelicio
854 4683 885 4737 in
911 4681 1039 4742 Hallaad.
1069 4686 1152 4741 tionis
1169 4683 1300 4742 domicilii
1318 4683 1364 4748 lex
1380 4681 1581 4762 refragaretur,
1599 4689 1686 4762 padio
1707 4710 1741 4752 es
1760 4708 1820 4762 post
1839 4687 1887 4752 i'arss¹

229 4781 301 4822 ’Μ
320 4753 395 4818 ¹53²
412 4759 491 4815 “ll‘·
510 4764 553 4825 ²90
574 4755 602 4810 5⁸
613 4748 680 4822 fill*
693 4751 776 4829 Quod
793 4753 1040 4826 i¹0ti³³imumtunc
1069 4753 1115 4816 iio
1130 4753 1302 4818 convalitura
1320 4773 1376 4817 nou
1393 4773 1459 4822 esse
1477 4779 1511 4822 ιι
1527 4759 1792 4840 ω,φοάᾶαηιςηῃ
1801 4779 1883 4840 m„
