3994 5348
231 355 313 416 pensa
330 338 424 416 suerit,
439 337 503 408 itti.
523 351 618 412 Oraia.
636 355 706 414 Hali.
723 353 750 415 5.
769 351 843 413 Febr.
862 263 938 412 {6615-
955 345 1043 410 voti.
1074 364 1106 403 ac
1124 346 1208 418 prior,
1225 343 1267 402 sas
1282 359 1360 422 erat,-
1375 360 1438 406 eum
1454 347 1484 404 ln
1502 349 1561 414 pari
1577 354 1658 429 causa
1672 361 1706 426 est
1724 347 1889 415 messim

226 414 381 542 ᾔοᾶἰὶιοεέὂ.
401 421 472 486 quod
489 425 516 482 bt
534 427 575 482 tir.
597 444 620 483 r.
638 429 799 530 adoptatum
813 441 864 512 est.
888 421 948 484 Nec
966 437 1044 492 supra
1075 421 1207 502 porimens
1223 420 1345 499 esse3ilt
1362 423 1391 547 ἑὲ]
1400 416 1887 546 Pignprlcretlelogrl‘mlualeabcitpgtw

232 551 259 608 r.
277 497 826 639 2.⁸,iiiii‘natiuitatis
840 485 1047 638 turicli
1074 503 1784 642 iustitutittsniituunasus
1803 510 1888 644 fiii

232 620 455 710 mulieredotem
472 641 646 708 promiserat,
663 641 692 697 or
710 639 843 698 cumdote
860 637 935 695 reddi
954 653 985 704 pa
1015 653 1045 690 us
1092 647 1126 686 ua
1137 644 1178 698 tus
1189 633 1358 698 possessionis
1370 649 1402 688 ac
1413 629 1721 716 fillumsurpratortum
1734 629 1888 717 dominium

228 707 321 782 astet,
346 713 374 754 tu
392 709 569 763 restitutionis
595 709 765 766 securitatem
792 709 886 779 pignus
912 725 928 764 a
946 708 1046 762 marito
1074 647 1300 770 lateranensem
1316 717 1350 760 0¹
1367 705 1675 787 “Wisifaewim
1733 709 1886 764 ”mitum

232 777 413 826 constitutum
429 773 536 842 suarat3
554 791 688 849 quocasu,
706 779 865 848 licetprima
883 773 1044 834 facievideri
1073 787 1130 852 esse
1148 781 1255 840 oportm
1298 770 1388 844 regula
1407 790 1437 827 ιιι
1455 768 1613 842 pignoribus
1636 785 1685 837 uro
1721 779 1753 825 ta
1786 776 1886 834 madet.

233 851 329 920 ponet,
345 839 376 894 in
394 842 507 903 arbitrio
525 849 616 903 mariti
625 867 692 920 esse,
707 868 743 905 an
760 853 851 922 &quo
867 847 1045 917 usquedotem
1075 838 1161 924 ‚Aliud
1177 841 1235 899 dice
1276 859 1322 899 um
1340 840 1428 912 foret,
1453 841 1601 913 ridebitur
1617 855 1675 896 rern
1695 837 1823 915 alueum,
1839 865 1887 906 cu-

231 909 390 990 ³0⁰¹Ptend9
407 913 472 972 velit
490 916 523 974 de
539 917 605 974 dote
622 920 757 977 maenaa
775 919 911 991 obligatus
928 935 998 988 esse,
1015 937 1044 974 e·
1075 927 1114 978 tua
1129 915 1232 970 intuitu
1243 909 1429 972 Publicianam
1447 931 1501 969 non
1513 909 1638 984 habebat,
1653 907 1711 969 alio
1726 926 1809 998 atque
1832 917 1888 974 alio

232 977 339 1044 ilemi’b
355 996 420 1053 etus,
437 990 481 1043 cui
499 993 613 1055 pecrtnia
631 1005 663 1046 ert
681 1003 778 1048 mutuo
792 990 957 1046 numeranda
974 999 1043 1052 erat,
1073 990 1194 1064 tempore
1209 982 1313 1042 duobus
1322 983 1498 1059 obligaverit:
1517 983 1667 1044 tuiscenim
1684 999 1770 1057 magis
1783 999 1832 1055 est,
1846 1001 1889 1060 ut,

230 1059 327 1104 contra
346 1062 435 1109 tamen
455 1055 566 1126 placuit,
582 1075 643 1114 eum
661 1076 716 1116 non
735 1077 809 1128 posse
820 1058 912 1117 dotem
929 1058 1043 1126 promis·
1073 1063 1207 1117 acmrsuo
1222 1054 1347 1125 deinceps
1355 1054 1718 1130 perobligantemdomlnio,
1737 1069 1831 1114 neuter
1843 1075 1889 1125 po·

230 1131 288 1172 som
306 1134 530 1195 nonacceptare5
548 1133 711 1199 nequeenim
727 1135 826 1186 marito
834 1126 1044 1198 permittendum
1073 1123 1199 1204 ticum,
1210 1125 1256 1181 sed
1266 1143 1313 1194 pro
1323 1141 1382 1183 rata
1390 1145 1550 1186 concurrere
1558 1124 1666 1185 debut.
1675 1120 1890 1198 Namcumini·
1956 1177 1962 1195 ,

227 1199 289 1272 erat
306 1189 333 1246 id
351 1189 477 1267 efficere,
505 1210 536 1252 ut
553 1198 649 1256 mulier
666 1206 756 1258 minus
772 1202 867 1258 dotata
885 1201 937 1268 sit,
962 1207 1043 1268 atque
1073 1189 1251 1274 trornspetto,
1262 1191 1792 1276 neutricroditoriquicquarnobligatum
1802 1193 1890 1270 finni,

226 1271 267 1314 sta
286 1275 342 1316 non
359 1281 408 1320 suo
424 1277 533 1323 tantum
552 1264 601 1334 luri
616 1266 687 1342 (uti
698 1271 806 1338 quidem
824 1271 852 1325 in
880 1269 993 1337 pecuma
1009 1283 1042 1324 ex
1072 1259 1195 1318 debitore
1204 1264 1308 1324 nullutn
1317 1267 1431 1325 dominii
1440 1281 1486 1326 aut
1497 1267 1667 1338 possessionis
1676 1282 1719 1334 prs
1732 1263 1889 1328 habeutsin

227 1340 324 1386 mutuo
341 1331 522 1405 numeranda)
538 1337 583 1394 sed
600 1339 627 1398 &
646 1343 737 1396 uxoris
755 1337 843 1403 favori
866 1337 1041 1397 renunciare:
1073 1329 1158 1386 stilla
1167 1333 1308 1407 singulari,
1326 1354 1406 1408 quam
1424 1340 1575 1408 specialiter
1592 1337 1741 1407 abliguriri
1757 1339 1891 1409 acqulill'e

228 1399 309 1472 unde,
326 1419 388 1460 cum
407 1403 462 1462 hac
479 1405 612 1482 obligatio
621 1408 682 1466 talis
700 1423 777 1481 esset,
794 1411 862 1468 ut&
880 1409 973 1463 invito
984 1423 1042 1462 ma·
1071 1399 1197 1486 deificam
1211 1421 1259 1473 per
1276 1405 1426 1468 debitorem
1443 1410 1577 1482 dominio,
1597 1405 1636 1478 jus
1649 1407 1769 1492 pignoris
1786 1413 1891 1480 utrique

226 1471 284 1523 rito
301 1479 376 1530 nasci
394 1490 501 1546 posset,
518 1483 612 1534 merito
628 1495 661 1536 ex
679 1483 688 1533 i
707 1497 736 1537 so
753 1483 778 1550 pi
799 1485 872 1536 noris
898 1479 1041 1535 constituti
1071 1468 1198 1528 creditori
1216 1477 1311 1535 mem
1329 1493 1469 1538 monento
1495 1477 1631 1538 ironeam
1649 1472 1704 1533 surr
1716 1519 1726 1548 ,
1740 1479 1828 1547 incepi

226 1551 366 1599 momento
383 1542 425 1615 jus
444 1545 605 1612 prelationis
615 1567 663 1619 pro
697 1563 743 1608 ote
752 1557 788 1606 rri
809 1562 885 1608 utum
904 1546 965 1605 suit.
982 1545 1041 1608 Do·
1072 1556 1115 1624 res
1131 1541 1246 1615 duobus,
1264 1553 1293 1604 in
1312 1549 1427 1607 solidum
1444 1550 1566 1623 singulis,
1583 1549 1678 1631 wdem
1688 1494 1891 1607 monendi?-

223 1605 354 1694 uellusds
369 1614 578 1702 pignoriburcap.
601 1633 639 1674 ra.
650 1639 714 1676 verr.
727 1625 918 1692 priorissarum
931 1620 1038 1706 generis.
1072 1609 1163 1670 vinus
1180 1625 1253 1674 esset
1279 1637 1334 1690 quo
1351 1635 1414 1676 castr
1439 1639 1484 1678 eos
1513 1622 1547 1679 ad
1566 1626 1686 1690 pignoris
1704 1625 1819 1687 pretim
1836 1634 1886 1687 pro

265 1693 309 1738 or.
329 1681 457 1745 Diximus
475 1686 614 1760 hailenus,
633 1691 678 1758 qui
696 1695 814 1759 potiores
830 1693 900 1760 sint,
917 1710 939 1748 st
976 1688 1041 1748 luri-
1071 1686 1551 1766 ¹²l250¹³⁰²²r⁸1¹i0u⁸ssi¹²²fflum
1568 1704 1608 1748 e&
1626 1706 1700 1746 Μ·
1717 1688 1746 1744 ti,
1769 1685 1833 1746 H&
1851 1696 1893 1746 5²⁸

224 1750 275 1810 bus
293 1771 333 1810 res
350 1757 442 1816 eadent
460 1774 476 1814 a
493 1758 605 1836 domino
623 1757 778 1832 hypothes:
806 1762 928 1834 obligata
950 1709 1040 1819 llterit.
1070 1765 1175 1822 quoties
1192 1753 1227 1810 ab
1244 1758 1339 1814 eodem
1358 1778 1414 1816 non
1431 1760 1544 1818 dmniuo
1561 1759 1703 1819 neodem
1719 1757 1823 1817 duobus
1840 1775 1892 1830 op·

224 1817 308 1894 Quod
326 1827 349 1882 si
368 1829 450 1895 priori
462 1846 485 1885 a
504 1847 559 1885 non
577 1827 688 1886 domino
707 1833 803 1904 pignus
819 1829 975 1890 devinuun
994 1832 1041 1902 sit,
1070 1827 1269 1906 signatumest
1286 1828 1398 1886 diversis
1414 1830 1598 1896 temporinam
1614 1831 1639 1886 si
1665 1845 1729 1885 vero
1746 1846 1762 1883 a
1778 1829 1893 1887 diversis

222 1897 366 1962 posteriori
383 1913 473 1956 autem
490 1897 559 1956 illud
578 1901 664 1968 ipsum
681 1899 835 1974 abeodem,
852 1903 899 1960 sed
918 1901 971 1974 jam
988 1902 1038 1958 do-
1071 1907 1127 1978 nun
1144 1892 1263 1952 &minis
1280 1899 1308 1955 id
1328 1895 1485 1971 faiiumsit,
1501 1899 1638 1956 meliorem
1648 1897 1808 1967 passienis
1823 1915 1893 1955 con-

223 1965 302 2018 mlno
312 1961 383 2027 fatto
388 2007 398 2038 ,
410 1968 498 2028 adhuc
507 1971 580 2036 prior
593 1973 682 2040 potior
691 1981 749 2028 est:
765 1988 799 2028 eo
807 1975 878 2044 quod
888 1974 944 2040 ipso
953 1977 1041 2042 primo
1069 1961 1204 2034 dissonent
1219 1983 1285 2038 esse,
1304 1965 1400 2026 Paulus
1418 1971 1554 2038 respondit
1571 1971 1601 2026 in
1619 1969 1638 2025 i.
1658 1971 1682 2022 si
1699 1987 1750 2050 aaa
1767 1968 1894 2025 domiuus

221 2033 339 2091 dominii
357 2041 482 2111 acquisiti
500 2053 637 2096 momento
656 2039 792 2097 firmatum
818 2033 903 2111 priori
925 2039 978 2099 fuit
995 2042 1037 2110 pi·
1073 2029 1113 2099 ¹4
1126 2025 1163 2102 ff·
1180 2031 1206 2089 bt
1224 2052 1245 2091 t.
1263 2034 1345 2104 Culus
1362 2057 1394 2096 oa
1413 2044 1484 2096 ratio
1501 2051 1561 2112 est,
1579 2044 1661 2111 quia,
1678 2035 1726 2096 ttbt
1745 2054 1761 2092 a
1777 2039 1892 2095 diversis

222 2106 316 2176 gnoris
332 2102 382 2194 jus,
399 2109 416 2165 l.
436 2109 665 2196 creditorpccrptir
683 2106 710 2166 ὅ.
719 2105 746 2186 §.
764 2131 865 2200 ramex
883 2131 905 2168 r.
917 2108 956 2179 ff.
975 2110 1000 2167 i.
1019 2127 1038 2168 r.
1070 2118 1125 2190 non
1143 2103 1261 2190 dominis
1278 2113 1374 2179 pignus
1389 2109 1495 2167 doobm
1511 2114 1693 2195 constitutum
1709 2121 1761 2178 est,
1778 2121 1893 2177 uterque

221 2176 316 2314 siai
333 2198 358 2302 s
374 2176 1038 2330 :sitsastitrtttntnruttu
1068 2187 1263 2303 struant
1281 2188 1894 2322 “tremutantia

219 2315 312 2370 cundo
328 2319 454 2378 creditori
472 2337 512 2404 pus
529 2322 649 2394 pignoris
666 2322 900 2394 constituebatur,
928 2320 1037 2380 debitor
1068 2328 1126 2382 ΠΕ·
1145 2311 1171 2368 d·
1188 2313 1207 2370 l·
1229 2261 1322 2386 llll?
1334 2317 1366 2374 dt
1382 2324 1478 2394 pignos
1501 2317 1536 2381 (5
1555 2317 1771 2389 ‘’ritib-‘muli
1794 2322 1817 2372 ⁸⁵
1835 2320 1892 2378 ‘1¹¹⁰

222 2386 389 2447 constituens
405 2391 532 2450 dominus
549 2408 605 2447 non
624 2388 724 2463 fuerit,
752 2393 798 2450 sed
815 2406 907 2464 postea
924 2393 1035 2449 demum
1067 2381 1178 2464 diuersis
1196 2385 1360 2455 temporibus
1377 2407 1434 2448 rem
1452 2387 1521 2458 justo
1539 2389 1622 2447 titulo
1637 2393 1664 2450 or
1677 2387 1748 2444 bona
1766 2383 1816 2444 tide
1835 2407 1893 2446 na-

221 2453 374 2514 dominlum
391 2459 504 2530 adeptus
520 2464 574 2534 sit,
602 2461 768 2534 videndum,
795 2473 889 2520 utrum
915 2459 970 2520 obli
989 2481 1039 2519 ans
1067 2450 1104 2509 ill
1121 2464 1188 2538 stuf,
1206 2464 1340 2526 potiorem
1356 2463 1511 2528 possessoris
1529 2475 1729 2528 causamesaes
1745 2461 1775 2514 '¹¹¹
1792 2459 1836 2516 tit.
1856 2458 1891 2514 de

221 2519 349 2585 habuerit
365 2525 406 2600 jus
423 2533 632 2601 possessionis&
643 2527 830 2589 Publicianam
848 2536 876 2588 in
888 2479 1037 2591 censitio
1067 2518 1223 2580 Publium
1240 2527 1344 2584 ollium
1361 2548 1387 2585 n·
1408 2545 1433 2604 7.
1451 2531 1555 2606 clidium
1573 2529 1633 2590 fuit.

223 2599 295 2667 irem,
313 2615 349 2653 an
368 2617 432 2658 vero
449 2605 506 2658 sine
526 2598 594 2668 iusto
611 2599 695 2658 titulo
712 2619 744 2658 ac
763 2602 897 2661 bonafide
916 2621 970 2660 rem
987 2621 1036 2660 ns·
1101 2587 1146 2648 52·
1159 2590 1406 2682 Quaerebantur,
1426 2607 1572 2660 novatione
1581 2601 1667 2660 debiti
1680 2596 1836 2682 principalis
1845 2602 1891 2654 iu·-

218 2659 277 2722 tius
294 2667 376 2724 etiam
395 2671 568 2740 usucapiendi
587 2669 714 2730 facultate
730 2689 762 2728 ac
775 2672 931 2732 Publiciana
948 2673 1033 2730 desti·
1067 2674 1197 2734 terposuu
1207 2707 1217 2738 ,
1233 2671 1316 2725 etiam
1333 2673 1453 2741 pignoris
1472 2671 1610 2730 vinculum
1628 2677 1686 2739 ipso
1712 2689 1770 2740 pure
1787 2685 1891 2728 evase

218 2745 296 2792 tutus
314 2735 405 2798 fuerit.
424 2740 455 2796 Si
473 2740 625 2812 enirnjusto
641 2741 760 2802 titulo&
779 2741 913 2802 bonafide
930 2745 1036 2801 remita
1066 2746 1133 2801 scat,
1149 2735 1168 2792 i.
1185 2743 1325 2794 novariam
1343 2745 1382 2796 tii.
1394 2738 1433 2812 ff.
1448 2741 1480 2798 dr
1498 2739 1785 2800 novarien.l.rolarum
1805 2731 1891 2810 1ιὸ.

219 2820 380 2867 consecutus
397 2811 444 2883 sit,
462 2823 493 2868 ut
510 2827 652 2881 usucapere
669 2817 805 2884 potuerit,
824 2816 865 2886 is,
891 2814 935 2872 cul
953 2815 1036 2882 priori
1066 2821 1167 2863 novara
1180 2805 1244 2878 ¹·ff·
1254 2807 1419 2884 detinerer.
1430 2814 1485 2870 aii.
1501 2825 1591 2870 tamen
1608 2817 1629 2866 si
1648 2811 1806 2866 novationis
1816 2819 1893 2864 tem-

217 2891 274 2932 rem
292 2879 330 2934 ita
347 2895 490 2950 pouessam
507 2880 563 2938 obli
582 2885 659 2954 avit,
685 2885 775 2954 potior
800 2886 861 2941 erin
890 2882 964 2942 Nam
983 2883 1036 2942 etsi
1067 2892 1129 2944 rore
1146 2879 1241 2949 pignus
1257 2884 1400 2948 repetitum
1419 2879 1511 2954 fierit,
1526 2885 1663 2950 superioris
1674 2881 1801 2949 temporis
1815 2879 1894 2936 ordo

218 2949 411 3016 proprietatem
430 2899 666 3025 obligaretlebitor
683 2970 737 3007 non
749 2956 876 3026 potuerit,
893 2953 981 3024 potuit
993 2967 1035 3010 ta·
1065 2947 1194 3004 creditori
1212 2962 1323 3020 manet,
1349 2953 1461 3022 perinde
1487 2971 1519 3008 ac
1536 2957 1558 3010 si
1578 2953 1605 3007 in
1623 2965 1699 3006 suum
1717 2951 1773 3018 ipse
1791 2946 1891 3004 locum

219 3029 281 3073 men
302 3017 340 3084 ius
358 3023 532 3089 possessionis
551 3017 693 3091 istumque
710 3022 875 3096 dominium,
892 3041 925 3080 ex
942 3041 995 3092 quo
1010 3024 1036 3080 ei
1065 3021 1240 3088 successisset,
1256 3019 1337 3089 idque
1353 3025 1458 3080 ratione
1476 3021 1593 3091 ejusdem
1609 3021 1773 3090 quantitatis
1791 3035 1825 3074 ac
1844 3035 1890 3076 se-

217 3079 378 3148 Pltbliciana
397 3090 581 3162 competebat,
599 3109 631 3147 eo
649 3093 740 3164 modo,
758 3109 810 3174 quo
828 3098 856 3154 dt
874 3091 1036 3153 fruiiuarius
1065 3103 1125 3143 runt
1142 3088 1296 3161 earundem,
1315 3109 1372 3160 qua
1386 3097 1470 3162 priori
1488 3093 1655 3166 obligatione
1682 3085 1888 3159 conprehensae

175 3215 176 3218 ,
218 3155 291 3214 cette
307 3176 385 3217 suum
402 3159 507 3236 obligat
525 3158 565 3230 jus
583 3157 747 3220 usofruuus
765 3176 840 3232 turta
858 3163 876 3219 i.
894 3165 919 3219 si
936 3166 974 3232 ir,
991 3167 1037 3234 qui
1064 3172 1161 3215 erant:
1178 3176 1234 3217 non
1253 3163 1319 3217 item
1338 3163 1368 3220 in
1387 3179 1517 3234 quantum
1534 3163 1656 3223 debitum
1682 3155 1809 3228 anuum,
1836 3173 1889 3216 aut

218 3223 287 3282 bona
306 3245 347 3286 rr.
364 3227 391 3304 ti.
410 3230 611 3308 ariofruilura.
623 3227 701 3300 Μ
717 3235 810 3308 pignor‘·
821 3232 855 3294 (5
873 3231 972 3303 hypati.
990 3235 1034 3291 cui
1065 3227 1120 3284 alia
1137 3229 1272 3298 prioribus
1288 3235 1400 3305 pignora
1418 3233 1521 3302 adjedla
1539 3245 1620 3300 sunt,
1639 3231 1656 3286 l·
1668 3228 1787 3312 aredius·
1802 3228 1830 3286 5·
1846 3245 1887 3296 ps.

218 3313 383 3372 consequens
400 3317 469 3376 erat,
486 3319 546 3360 eum
565 3319 678 3374 quoque,
695 3307 739 3360 cui
757 3305 841 3373 priori
859 3300 900 3374 jus
919 3307 1035 3378 pignoris
1066 3300 1083 3357 i.
1102 3298 1223 3373 creditor,
1241 3303 1286 3372 qui
1307 3319 1347 3358 ta.
1366 3299 1391 3374 0.
1410 3303 1574 3374 Papinianus
1588 3301 1614 3358 5.
1627 3299 1664 3370 [ἦ
1681 3300 1707 3356 b.
1719 3316 1739 3355 r.
1759 3299 1841 3359 tundi.
1859 3299 1888 3356 d.

217 3369 247 3422 in
266 3369 324 3439 ipso
340 3368 389 3427 illo
448 3377 584 3431 ssessionis
614 3369 670 3441 jure
696 3375 876 3432 constitutum
897 3387 976 3444 erat,
1001 3393 1035 3434 ex
1065 3372 1083 3430 Ι.
1105 3365 1279 3454 11,§1,ffi
1295 3373 1327 3428 dr
1342 3377 1467 3450 pignoret.
1486 3377 1540 3433 aii.
1560 3367 1748 3431 Gotholrodus
1764 3369 1888 3427 aaut

218 3445 337 3510 ternpore
356 3391 540 3512 prelilionem
558 3441 677 3508 habeoe;
694 3449 789 3513 quippe
815 3460 894 3516 quem
912 3443 951 3501 ita
970 3458 1035 3502 tunc
1066 3439 1091 3500 5.
1110 3442 1238 3506 Cutacius
1256 3441 1301 3498 lib.
1324 3460 1364 3500 rt.
1382 3443 1479 3502 oberro.
1498 3442 1541 3500 32.
1559 3445 1589 3499 in
1595 3459 1637 3512 pr.
1658 3439 1817 3499 Neostsdius
1828 3442 1889 3496 *Cu*

218 3523 316 3632 grator
334 3523 425 3570 tuetur
442 3532 487 3582 per
506 3509 676 3584 Seruianam,
693 3519 734 3570 uti
751 3511 902 3572 debitorem
919 3531 966 3586 per
985 3517 1034 3588 Pu·
1065 3518 1108 3572 ria
1126 3511 1251 3571 italiana.
1269 3513 1347 3572 diris.
1358 3529 1383 3587 9.
1403 3535 1487 3584 versu,
1500 3509 1570 3570 thiar
1587 3515 1634 3572 oola
1647 3508 1804 3586 by·georegr.
1824 3509 1889 3568 Ne·

238 3575 383 3653 licianam,
401 3584 419 3638 l.
439 3588 463 3641 ri
480 3579 515 3638 ab
532 3603 561 3638 eo
581 3583 620 3639 rb.
633 3578 669 3654 ff.
689 3581 722 3636 dr
737 3588 804 3668 pigri.
822 3582 856 3647 Θ
879 3583 978 3656 typici.
1000 3583 1034 3643 itt
1082 3591 1202 3646 usantius
1218 3587 1294 3642 tertio
1311 3583 1426 3641 rnimbro
1440 3589 1526 3654 partis
1537 3598 1613 3638 seara
1631 3601 1657 3638 rr.
1667 3582 1797 3708 Zsllndr.
1809 3578 1887 3652 Goyl

215 3649 253 3708 ad
272 3649 344 3724 hunc
353 3669 453 3725 casum,
472 3671 525 3722 quo
542 3652 651 3712 debitor
661 3649 848 3711 Publicianam
876 3655 1034 3727 habuit,re-
1064 3603 1107 3712 lib.
1128 3671 1152 3712 n.
1171 3651 1266 3712 observ.
1286 3652 1328 3712 50.
1348 3673 1422 3713 num.
1444 3651 1665 3712 surisculam

216 3719 425 3795 stringendrun,
444 3725 515 3793 quod
533 3721 681 3793 simplicius
698 3743 714 3781 a
741 3721 825 3782 Paulo
844 3727 993 3796 traditum,
1013 3729 1035 3784 ri
1065 3725 1107 3784 lib.
1131 3745 1153 3782 r.
1173 3741 1229 3796 cap.
1250 3743 1293 3782 ar.
1313 3747 1339 3781 n.
1359 3723 1400 3782 25.
1419 3724 1463 3795 24¹.
1596 3790 1603 3806 ι
1878 3791 1886 3805 ⁸

216 3807 269 3858 aon
286 3791 408 3849 daritiam
425 3790 523 3851 duobus
540 3793 654 3851 eandem
678 3815 735 3852 rem
752 3796 863 3854 diuersis
879 3794 1034 3866 temporibus
1099 3793 1144 3854 33.
1164 3793 1229 3853 Non
1249 3809 1340 3855 tamen
1366 3809 1484 3866 tempore
1502 3796 1577 3866 prior
1594 3811 1649 3866 pure
1677 3794 1766 3862 potior
1783 3805 1825 3848 est
1837 3833 1851 3862 ,.
1863 3809 1887 3845 ss

214 3861 400 3934 narraverit,
415 3868 528 3932 priorem
542 3867 668 3934 potiorem
686 3883 749 3936 erre,
767 3868 786 3923 l.
806 3869 830 3922 ri
847 3867 1034 3925 condaminas
1064 3871 1138 3934 prior
1150 3869 1316 3923 consenserit
1335 3867 1364 3923 in
1382 3865 1578 3942 obligationem
1605 3867 1724 3936 pignoris
1741 3867 1889 3931 posteriori

220 3879 264 3999 tri·
287 3923 322 4000 ff·
341 3933 365 3989 b·
385 3951 404 3990 t·
423 3935 493 4008 quod
510 3939 538 3996 ἃ
556 3949 573 3990 a
591 3931 763 3995 Gothofredo
781 3938 904 3994 innuitur
922 3941 950 3992 in
967 3943 1034 3996 norir
1065 3935 1229 4008 faciendam,
1245 3937 1273 3992 d.
1291 3937 1439 4010 lendicos,
1456 3940 1501 4011 qui
1518 3930 1597 4008 iad.
1617 3937 1642 3990 si
1657 3951 1745 3990 recum
1764 3931 1789 4000 4.
1803 3927 1887 4014 ffifi.

217 3997 292 4055 add.
303 4001 321 4057 l.
335 4001 374 4071 14.
394 4003 515 4076 Cumque
532 4011 584 4062 ista
602 4009 681 4076 ratio,
699 4009 818 4075 superius
835 4005 959 4076 arduus,
979 4025 1032 4064 nnn
1063 4025 1083 4064 r.
1105 4005 1199 4064 Necsi
1217 4011 1288 4076 prior
1296 4007 1399 4065 callide
1409 4009 1481 4078 apud
1490 4009 1651 4068 creditorem
1664 4001 1818 4061 'secundum
1826 4005 1887 4061 dts·

216 4069 321 4131 mllliet
339 4077 368 4130 in
385 4090 457 4148 casu,
474 4093 528 4147 quo
545 4077 601 4134 duo
618 4093 675 4134 tem
691 4076 727 4131 ab
745 4078 904 4136 eodemnon
922 4081 1034 4137 domino
1064 4075 1231 4135 simulaverit
1248 4095 1327 4136 suunt
1345 4081 1464 4152 pignoris
1483 4076 1541 4148 jusi
1559 4077 1631 4153 quod
1649 4073 1740 4132 multis
1765 4075 1888 4132 adstruit

139 4189 146 4200 .
215 4155 351 4212 emerunt,
367 4145 456 4206 alioue
474 4146 620 4218 quotirulo
637 4148 672 4204 ad
682 4147 875 4216 acquirendum
883 4151 1034 4208 dominium
1063 4149 1130 4206 Ant.
1149 4145 1294 4206 Mattheus
1311 4147 1343 4204 de
1361 4151 1475 4208 aristion.
1494 4148 1538 4208 ui.
1562 4167 1584 4206 r.
1603 4160 1658 4215 rap·
1684 4157 1724 4216 ¹9
1742 4163 1819 4202 narn·
1837 4137 1888 4201 86

216 4211 316 4270 idoneo
332 4213 424 4284 adepti
441 4230 516 4288 sunt,
535 4233 615 4275 nemo
634 4231 677 4274 me
694 4215 762 4272 mihi
774 4221 942 4276 contrarium
958 4218 1032 4281 arbi·
1063 4215 1122 4278 Nec
1140 4217 1255 4290 deniqtre
1271 4220 1295 4274 si
1314 4221 1396 4289 priori
1414 4221 1612 4290 per-privatum
1638 4227 1750 4272 tantum
1778 4217 1891 4271 instru-

217 4283 286 4338 trari
304 4280 406 4357 debet,
423 4305 485 4344 cum
503 4287 538 4345 sd
557 4291 599 4345 rit.
618 4286 651 4342 de
668 4285 824 4345 Publiciana
852 4295 881 4346 in
903 4309 960 4345 rem
978 4289 1030 4346 aii.
1062 4299 1206 4362 mentum,
1219 4288 1435 4350 tribustestibus
1455 4290 1526 4350 haud
1553 4289 1713 4358 munitum,
1741 4287 1892 4356 posteriori

1685 3671 1738 3710 aeus
1760 3652 1793 3707 dr
1810 3655 1887 3709 audi.

216 4369 293 4407 ntrm.
308 4352 335 4409 6.
353 4359 456 4428 scripsi,
473 4373 535 4414 eum
547 4358 574 4413 in
594 4353 752 4416 Publiciana
767 4361 897 4429 potiorem
906 4359 1032 4429 essesqui
1063 4378 1126 4418 vero
1144 4379 1189 4430 por
1206 4359 1352 4430 publicum,
1369 4374 1416 4420 aut
1435 4364 1570 4431 privatum
1586 4359 1714 4432 quidem,
1732 4357 1778 4415 sed
1796 4359 1885 4412 trium
1910 4365 1913 4370 ’
1985 4383 1987 4400 ι

109 4473 120 4485 ,
213 4423 359 4497 possideat,
377 4431 457 4484 etiam
476 4443 539 4484 cum
555 4427 590 4484 ab
607 4427 700 4485 εοάειη
719 4446 774 4486 non
791 4430 904 4487 dmmno
921 4440 1032 4494 uterque
1061 4433 1170 4489 testium
1188 4427 1239 4491 tide
1251 4429 1395 4502 innatum,
1414 4430 1564 4502 hypotheca
1573 4434 1724 4490 constituta
1732 4431 1777 4498 sit,
1786 4427 1806 4481 l.
1816 4429 1888 4482 scri·

214 4493 291 4549 emit.
310 4491 384 4554 Sane
401 4499 474 4564 enim
492 4497 521 4554 in
542 4495 790 4556 Publiciananerno
809 4495 1031 4568 abiionem&itts
1061 4515 1151 4561 troici
1173 4519 1214 4558 rr.
1233 4497 1260 4558 ’0.
1279 4499 1304 4558 i.
1322 4518 1342 4558 r.
1361 4521 1435 4576 qua,
1454 4521 1505 4571 quo
1522 4519 1603 4575 usque
1620 4500 1691 4572 apud
1720 4515 1769 4555 nos
1785 4496 1886 4556 locum

214 4579 293 4622 suum
310 4580 346 4622 est
362 4565 419 4639 jure
438 4565 563 4640 actions,
580 4587 596 4624 a
614 4583 669 4642 quo
685 4585 742 4626 rem
759 4565 853 4626 nullus
870 4580 920 4638 est,
933 4569 979 4626 sed
998 4587 1031 4626 ex
1061 4568 1189 4640 habeant,
1207 4589 1242 4632 es
1261 4572 1303 4641 iis,
1339 4573 1428 4634 uaris.
1452 4573 1558 4632 ruitis
1575 4585 1648 4640 sunt,
1665 4569 1815 4646 petendum
1830 4581 1885 4626 est.

214 4649 262 4690 suo
281 4644 488 4708 tantumcapite
504 4643 625 4711 metitur,
642 4637 776 4696 siscilicet
794 4639 849 4710 ipse
857 4637 931 4708 justo
950 4639 1031 4699 titulo
1096 4637 1139 4710 it.
1158 4641 1254 4702 Altera
1272 4591 1347 4700 tituli
1365 4653 1440 4712 parte
1457 4643 1490 4702 de
1508 4646 1542 4701 iis
1559 4647 1659 4717 agitur,
1677 4643 1726 4709 qui
1742 4642 1773 4696 in
1792 4639 1886 4715 hypo-

207 4727 244 4766 ac
263 4705 335 4763 bona
354 4706 404 4770 fide
423 4726 479 4766 tem
498 4711 535 4766 ita
545 4709 657 4780 adeptus
675 4716 719 4771 sit.
736 4717 920 4780 utusucapere
938 4713 1030 4780 possits
1060 4708 1244 4773 thecariorum
1262 4719 1381 4781 priorum
1405 4713 1493 4770 locum
1521 4715 1683 4772 succedunt:
1712 4716 1785 4768 circa
1814 4729 1889 4785 quos
1982 4709 1987 4732 ⁴

211 4797 244 4834 ac
262 4778 387 4848 proinde,
403 4781 426 4836 si
448 4783 577 4849 posterior
589 4779 658 4847 justo
675 4781 802 4840 emtionis
817 4781 940 4840 tituloac
959 4780 1031 4839 bona
1059 4785 1200 4844 sciendum
1213 4797 1264 4853 est,
1281 4783 1488 4859 hypothecarios
1507 4787 1615 4855 quidem
1629 4784 1776 4842 creditores
1793 4799 1891 4855 poste·
1985 4837 1987 4844 ,

209 4841 266 4904 side
283 4847 493 4919 &usucapiendi
505 4843 715 4934 facultatesque
733 4849 855 4911 muulms
870 4853 1029 4913 inveniatur
1058 4853 1146 4918 riores
1162 4856 1243 4926 priori
1260 4859 1344 4915 uum
1361 4857 1450 4918 invito
1462 4871 1494 4914 ac
1512 4851 1760 4918 telublantiofferre
1772 4860 1891 4936 ‘pontis-
1986 4923 1987 4926 p
