4040 5364
314 235 382 286 rra
910 223 981 288 tit.
998 221 1040 288 li.
1061 217 1121 288 itt.
1140 223 1193 290 tt.

264 324 295 373 to
311 314 388 371 onrni
405 310 542 372 destitutis
564 310 715 373 macedone
734 305 851 374 ¹sistendi
866 329 900 372 ac
926 315 1087 375 detinendi
1131 312 1176 373 it.
1195 309 1320 373 Dumna
1345 311 1392 387 qui
1408 311 1500 371 sistere
1526 307 1629 381 possint
1657 307 1699 370 rei
1717 319 1794 394 ntro..¹
1817 319 1903 370 ¹ersus

265 396 435 455 potestatem,
452 386 477 442 si
492 385 577 444 modo
593 385 627 442 de
642 400 705 444 rato
721 397 853 444 caveant:
873 403 924 444 nec
934 397 1066 443 non'con·
1097 389 1219 447 tiendum
1235 387 1373 457 sequitur,
1390 383 1480 456 quales
1495 399 1611 452 meone
1629 396 1660 438 ac
1677 399 1721 441 res
1737 379 1903 452 turudidtios

263 453 382 512 sortibus
399 451 518 524 eiusdem
536 454 609 522 litiss
628 473 685 514 non
702 454 768 528 alio,
786 467 817 516 ut
835 461 950 528 opinor,
968 451 1067 515 funda·
1099 460 1142 517 nis
1158 456 1324 517 stabilienda
1349 471 1431 513 musa
1447 455 1506 510 sisti
1523 457 1638 524 possint.
1666 450 1709 511 Ac
1726 452 1815 522 primo
1838 459 1899 524 qui·

253 539 377 654 ’.Ἐφ’
405 523 1067 670 iiiiiiicietisttiiitittt
1097 531 1163 658 iiis
1177 521 1655 670 ddd‘biiieigdhniiidiiii
1668 523 1851 650 {illimus
1888 525 1899 577 ¹

228 729 231 734 ¹
256 662 295 736 ff
329 663 586 738 eprocaratoribas,
607 639 869 740 Carpwvius’defh.
879 663 934 740 fin.
951 683 1020 739 part.
1043 685 1065 724 t.
1096 617 1383 744 lguevetconsuetudine
1401 663 1625 736 fuerintexcepti,
1637 631 1817 723 svemasc’oti
1833 665 1900 731 sint,

259 738 365 794 constit.
383 749 427 809 ²9·
445 732 499 809 daps.
521 734 562 806 nd.
582 736 679 812 irfine,
696 733 788 806 innita
801 741 906 809 apert.
928 756 951 795 r.
961 741 1065 795 constit.
1096 743 1153 814 sive
1170 737 1302 798 fernme.
1322 735 1455 812 Quamvis
1471 733 1684 794 entmsoennnse
1700 731 1739 792 ob
1754 733 1835 790 civile
1851 737 1901 794 de-

263 823 290 863 r.
308 804 360 880 def.
378 819 422 934 az.
440 804 536 864 Petrus
552 804 620 868 Bort
637 809 716 866 reati.
745 825 801 864 van
818 824 942 866 arneson·
961 823 1021 878 cap.
1039 823 1065 865 a.
1097 811 1185 869 bitum
1211 811 1374 870 incarcerari
1400 822 1457 864 non
1474 804 1595 865 debuisse
1610 805 1789 888 munionem
1816 801 1901 863 fiterit

263 895 340 934 nam.
360 891 386 948 7.
423 875 545 946 .Neque
572 889 703 951 reptrgnat
723 876 759 935 Ul
778 877 856 936 ianm
872 880 902 935 in
922 878 940 935 l.
960 877 1066 950 Pompo·
1097 885 1126 939 ia
1144 880 1218 941 autb.
1238 878 1312 938 bodie
1329 880 1358 936 C.
1377 875 1408 934 de
1426 875 1525 936 custod.
1552 895 1674 942 reorum
1700 871 1782 932 iota
1806 884 1902 933 tanen

262 950 322 1004 nias
340 944 385 1016 40.
402 949 431 1004 in
447 944 533 1018 pnff.
552 947 584 1004 de
599 950 761 1019 procuratori
796 968 828 1016 s,-
847 950 972 1006 namsia
1011 950 1066 1006 lare
1096 951 1168 1011 itanc
1185 949 1328 1010 mulinum
1344 950 1549 1020 prerogativam
1574 943 1675 1018 ubique
1691 944 1726 1001 ab
1743 960 1794 1004 usu
1811 963 1900 1004 rme-

255 1035 369 1086 ·prorsus
388 1031 448 1089 est,
464 1017 537 1092 quod
554 1019 728 1078 interditium
745 1020 779 1076 de
797 1017 888 1076 liberis
904 965 1065 1078 erbiffndis
1095 1025 1168 1094 dese,
1186 1032 1263 1080 notat
1282 1031 1340 1092 post
1358 1017 1446 1090 plures
1462 1015 1677 1089 alios'allegatos
1684 1011 1900 1092 Groenevegen

261 1105 309 1156 per
326 1101 528 1158 productorem
546 1089 605 1148 sine
622 1088 729 1160 speciali
748 1089 883 1147 mndata
910 1107 965 1146 non
984 1091 1065 1159 possit
1096 1093 1176 1150 ald.
1194 1093 1271 1151 auti.
1286 1085 1411 1150 ¹Marius
1429 1087 1460 1146 de
1477 1091 1585 1147 aaronis
1607 1099 1662 1156 cap.
1680 1081 1707 1142 8.
1725 1105 1799 1142 πππ.
1818 1082 1844 1141 5.
1863 1085 1900 1148 to·

261 1159 379 1230 institui,
397 1171 427 1216 ut
437 1163 468 1214 =is
485 1155 583 1216 liberos
599 1159 746 1218 abduceret
762 1157 797 1216 ab
810 1158 868 1216 alio
883 1161 1018 1220 detentos:
1033 1177 1066 1218 eo
1095 1184 1161 1238 seqq.
1179 1161 1240 1224 Nec
1255 1165 1376 1229 interest,
1393 1177 1450 1234 ato,
1468 1178 1504 1218 arr
1514 1156 1686 1216 hereditario
1702 1156 1813 1214 nuntiae
1829 1173 1899 1214 con-

254 1230 334 1300 .quod
351 1227 429 1286 realis
447 1225 628 1288 rttsabauttro
645 1231 831 1314 insignierat
847 1225 955 1290 effsuus
973 1233 1065 1300 patria
1096 1234 1220 1294 veniendi
1236 1234 1312 1304 sint,
1338 1231 1406 1290 adeo
1422 1243 1452 1290 ut
1470 1233 1497 1289 tir
1517 1228 1599 1286 hares
1620 1243 1680 1299 man
1698 1223 1830 1286 beneficio
1853 1228 1900 1285 in-

262 1301 412 1370 potestatis,
430 1301 458 1357 dr
476 1299 537 1358 ideo
555 1317 610 1356 non
629 1299 719 1372 alren,
737 1315 817 1370 quam
834 1302 1064 1372 patriconceden-
1096 1307 1212 1362 ventarii
1229 1301 1287 1376 jure
1303 1301 1427 1360 sistatur.
1456 1298 1570 1360 Mevius
1594 1296 1620 1352 d.
1640 1311 1696 1368 cap.
1713 1295 1739 1353 8.
1757 1317 1832 1354 num.
1850 1295 1901 1356 6¹.

261 1369 316 1438 da,
332 1371 406 1428 unde
422 1373 450 1428 br
467 1371 500 1426 in
515 1387 549 1427 eo
565 1388 627 1428 casu
645 1368 808 1440 nespeciale
826 1370 933 1443 quidem
951 1373 1063 1431 manda-
1095 1377 1129 1439 ds
1146 1397 1173 1431 re
1188 1396 1211 1448 q.
1229 1377 1257 1434 ar
1277 1371 1331 1428 inec
1350 1373 1389 1428 ita
1404 1369 1550 1439 obtinent,
1581 1369 1702 1425 simodo
1726 1384 1759 1424 eo
1778 1368 1807 1422 in
1836 1364 1899 1424 loco

257 1451 321 1495 tum
338 1431 456 1512 sufficit,
478 1441 523 1498 sed
542 1442 650 1522 iusuper
666 1446 821 1512 requisitum
839 1437 915 1513 suit,
940 1454 970 1501 ut
988 1454 1064 1513 pater
1094 1395 1303 1516 deprebendimr
1324 1460 1383 1500 reus
1400 1443 1542 1522 sistendas,
1560 1445 1588 1496 in
1616 1455 1652 1495 uo
1669 1453 1724 1520 non
1743 1449 1784 1521 est
1804 1455 1898 1504 repro·

256 1509 418 1569 urendus
436 1508 542 1568 velalia
561 1522 629 1581 puta
646 1527 726 1569 causa
743 1528 830 1584 agere,
848 1510 997 1581 liberosque
1014 1512 1063 1567 ab·
1095 1515 1187 1575 meran
1205 1513 1500 1574 wintanstrensis
1520 1527 1582 1581 prs.
1625 1505 1632 1525 '
1662 1523 1737 1564 emm
1754 1503 1811 1563 iiic
1838 1525 1897 1565 non

256 1582 358 1640 ducere
375 1582 566 1653 impediretur,
584 1581 610 1636 d.
630 1581 648 1636 l.
667 1582 712 1651 4ο.
729 1581 757 1636 in
769 1580 825 1651 fine
839 1583 977 1653 principii.
1004 1579 1064 1641 Nec
1094 1592 1228 1658 admIsso,
1255 1602 1311 1642 non
1329 1583 1409 1641 aliter
1425 1581 1496 1641 rebie
1512 1576 1707 1639 detincrilitis
1725 1594 1804 1636 causa
1820 1597 1901 1647 pere·

261 1649 366 1710 firmius
384 1665 434 1721 est,
444 1651 523 1722 quod
541 1650 667 1710 nonnulli
685 1663 796 1725 urgent,
815 1653 845 1707 in
862 1655 951 1710 causis
968 1669 1063 1710 mecu-
1094 1653 1300 1742 grtnus'posset,
1317 1670 1398 1724 qaum
1426 1657 1449 1709 si
1466 1647 1636 1710 domicilium
1655 1645 1758 1706 foveret
1775 1645 1826 1707 sub
1844 1649 1901 1706 tali

256 1724 329 1778 *rivis
346 1721 458 1791 speciale
485 1723 584 1790 requiri
600 1721 774 1792 mandatum,
801 1726 841 1780 uti
858 1724 887 1781 iic
905 1729 933 1780 in
952 1724 1004 1793 iis,
1029 1741 1063 1780 ex
1095 1729 1190 1800 pudice,
1207 1729 1254 1799 qui
1271 1739 1367 1784 contra
1387 1725 1504 1795 regionis
1522 1720 1641 1790 alterius,
1660 1715 1711 1774 hoc
1730 1716 1851 1790 jutenon
1863 1739 1899 1777 u-

258 1792 358 1860 quibus
379 1795 437 1863 quis
454 1793 541 1859 posset
557 1793 587 1851 in
605 1809 710 1862 poenarn
735 1793 873 1865 incidere,
900 1803 947 1850 aut
965 1791 1013 1850 ubi
1030 1794 1065 1852 de
1094 1799 1187 1870 tentis,
1204 1796 1327 1854 subditos
1344 1797 1487 1854 decennem
1511 1791 1580 1850 solet
1599 1789 1738 1847 licentiam
1763 1790 1898 1848 sistendi.

261 1866 339 1934 gravi
358 1869 446 1936 agitur
464 1859 636 1932 mejudicios
654 1861 709 1922 hec
728 1880 792 1922 vero
807 1869 900 1920 omnia
918 1865 947 1920 in
961 1873 1064 1920 arresto
1119 1934 1121 1938 ¹
1140 1869 1279 1926 aratione
1297 1865 1377 1923 i'riso
1396 1863 1465 1922 relic
1481 1869 1557 1920 sistet
1576 1857 1763 1932 Hollaudum,
1778 1859 1844 1941 licet
1862 1877 1894 1916 a·

259 1949 428 2003 concturere,
440 1937 483 1988 ita
499 1933 664 2002 Carpzovius
682 1932 714 1986 de
732 1954 759 1991 π.
771 1930 872 2007 forent.
887 1949 945 2000 par.
968 1951 991 1990 r.
1002 1953 1062 1990 con-
1105 1941 1144 1997 ias
1162 1944 1190 1995 ln
1209 1935 1296 1994 l'risia
1315 1955 1371 1992 non
1389 1937 1425 1993 sit
1443 1937 1472 1990 in
1483 1951 1532 1990 usu
1549 1931 1630 1989 hocce
1647 1931 1758 1988 sistendi
1776 1947 1815 2000 pus
1829 1949 1838 1998 i
1853 1929 1898 1990 id·

260 2008 316 2060 rrr't.
335 2016 377 2076 29·
391 2001 474 2074 apin.
501 2021 511 2059 r
537 2048 543 2060 .
569 2001 720 2060 Berlichius
746 2019 815 2074 part.
848 2020 870 2059 r.
885 2004 998 2062 conclus.
1018 2001 1062 2076 74.
1093 2004 1148 2080 que*
1159 2008 1274 2090 quodam
1292 2007 1449 2065 retorsionis
1466 2003 1541 2076 jure,
1558 2021 1591 2058 ar
1607 2044 1613 2057 .
1630 2001 1673 2058 tir.
1685 1995 1724 2068 ff.
1755 2001 1810 2058 aad
1822 2004 1898 2072 quir-

256 2095 335 2132 crum.
354 2089 380 2145 7.
398 2071 432 2134 (tt
450 2091 515 2144 seqq.
558 2075 638 2130 avius
655 2071 685 2129 dr
703 2075 812 2152 assertis
828 2087 1061 2148 cap47..nssm.22.
1093 2083 1226 2153 quejraris
1245 2083 1273 2136 in
1291 2080 1366 2134 alter.
1385 2023 1621 2145 statuerinsarffe
1638 2069 1717 2126 decis.
1758 2072 1829 2128 risis.
1849 2070 1895 2128 lib.

252 2143 294 2206 t&
312 2164 377 2216 seqq.
405 2159 469 2198 nam
486 2161 571 2214 neque
587 2157 720 2201 arrestum
742 2144 849 2216 plenam
874 2148 1062 2204 executionem
1097 2169 1119 2207 r.
1137 2155 1180 2208 tic.
1200 2164 1243 2221 17.
1263 2147 1340 2222 defin
1359 2143 1384 2202 ὅ.
1403 2143 1653 2268 Bertichiussratt.
1671 2138 1895 2211 constannens.

257 2220 402 2284 continet,
427 2215 471 2272 sed
489 2217 579 2282 potius
596 2215 707 2272 initium
724 2214 859 2284 quoddam
875 2219 1061 2287 executionis,
1093 2222 1203 2278 conclus.
1236 2218 1276 2276 15.
1294 2215 1504 2276 Wesembecius
1530 2233 1549 2268 a
1583 2215 1626 2270 tir.
1639 2207 1677 2281 ff.
1689 2211 1767 2294 'quod
1787 2215 1897 2296 quisque

253 2302 316 2346 ‚non
326 2283 437 2342 ulterius
454 2283 638 2355 producenda,
653 2285 780 2354 quamdiu
797 2283 828 2340 lis
842 2286 958 2354 pendete
977 2307 994 2342 n
1029 2305 1062 2343 ue
1092 2293 1161 2359 juris
1188 2295 1216 2348 in
1234 2288 1311 2346 alter.
1335 2305 1397 2344 stat.
1424 2284 1457 2348 itt
1474 2284 1511 2340 ibi
1530 2282 1657 2341 Hahnius
1684 2299 1712 2336 m
1729 2286 1796 2339 notis
1822 2301 1895 2339 crrca

257 2355 327 2412 adeo
343 2356 433 2429 gravis
449 2355 537 2412 oritur
554 2371 586 2410 ex
604 2367 707 2434 arrecto
720 2351 838 2425 iniuria,
856 2369 903 2412 aut
922 2353 999 2414 fama
1028 2378 1061 2414 a·
1084 2357 1137 2434 'fin
1154 2363 1188 2422 de
1205 2375 1259 2432 quo
1275 2357 1438 2417 detonsionis
1456 2351 1511 2424 jure
1529 2372 1578 2412 nos
1596 2354 1679 2411 latius
1694 2352 1729 2410 ad
1747 2354 1773 2410 d.
1792 2357 1834 2410 tit.
1896 2390 1900 2399 ι

252 2427 310 2495 sio,
325 2423 392 2494 quin
411 2425 582 2494 prestatione
598 2441 654 2494 etus
670 2425 741 2497 quod
759 2427 881 2498 interest,
898 2427 926 2486 dc
945 2425 1060 2484 arbitra·
1126 2428 1170 2489 56.
1189 2429 1260 2489 Sunt
1277 2441 1377 2500 autern,
1395 2428 1441 2501 qui
1459 2425 1535 2482 nullo
1551 2425 1758 2490 rmdopossunt
1776 2437 1894 2490 arresta-

257 2498 301 2551 ria
318 2495 483 2553 coercitione
508 2501 605 2552 arresti
622 2515 668 2563 per
685 2495 847 2552 calumniam
864 2493 971 2556 obtenti
990 2494 1060 2554 infa-
1091 2504 1132 2559 ri.
1153 2498 1234 2572 Sunt,
1247 2503 1293 2569 qui
1310 2504 1392 2557 certis
1410 2501 1440 2554 in
1460 2494 1534 2567 locis,
1548 2508 1599 2553 aut
1616 2503 1750 2552 certatum
1767 2509 1893 2564 persona-

257 2567 323 2634 mia
333 2568 356 2622 si
362 2582 422 2708 {ue
494 2561 635 2620 oiniamia
647 2566 804 2637 dicipossit,
822 2563 901 2623 facile
909 2559 1059 2633 aboleatur.
1091 2590 1153 2630 rum
1166 2577 1281 2642 intuitu,
1298 2569 1333 2626 ab
1351 2569 1448 2627 arrecti
1466 2579 1540 2624 atetu
1558 2573 1788 2624 immunestunt.
1807 2561 1896 2649 Nullo

265 2631 337 2706 ¹54.
356 2633 369 2690 (
385 2636 439 2693 uod
453 2637 479 2692 si
492 2633 563 2702 tales
580 2641 644 2706 sint,
661 2635 734 2706 quil
768 2636 1059 2695 itimamnonhabent
1091 2643 1171 2702 modo
1189 2639 1313 2698 mulieres
1332 2641 1500 2708 vironuptae,
1518 2639 1645 2708 minores,
1664 2629 1769 2714 istriosi,
1788 2635 1894 2704 prodagt

256 2721 398 2778 personam
415 2705 506 2766 standi
522 2707 553 2760 in
572 2704 680 2776 judicio,
697 2725 788 2778 quaes
804 2709 922 2764 minores
948 2726 980 2763 ac
999 2728 1059 2778 pro-
1090 2713 1190 2782 eliique
1207 2723 1363 2770 curatonum
1389 2706 1518 2781 potestati
1534 2706 1665 2780 dijecti,
1691 2703 1720 2762 ἃ
1736 2705 1820 2762 01).ἰά
1838 2721 1894 2762 uon

255 2778 323 2851 digi,
340 2778 471 2833 curatoris
486 2773 609 2834 destituti
634 2775 815 2856 summitate,
843 2791 872 2835 ut
890 2781 917 2836 dc
935 2777 1060 2838 mulieres
1091 2781 1219 2840 habentes
1237 2799 1376 2852 personam
1393 2778 1485 2838 standi
1502 2779 1532 2837 in
1550 2777 1674 2850 judices
1701 2779 1754 2847 niti
1772 2779 1893 2856 minoret

224 2867 225 2870 ¹
255 2865 301 2918 per
319 2849 427 2916 nuptias
445 2845 565 2902 maritali
582 2844 700 2916 subicite
719 2847 843 2917 potestati
860 2849 930 2906 citra
947 2845 1059 2906 raiarito-
1090 2857 1198 2910 veniam
1216 2855 1301 2910 atatis
1320 2857 1515 2924 impetrassent,
1534 2866 1587 2920 quo
1604 2865 1676 2914 caus,
1696 2848 1765 2905 utin
1783 2862 1824 2914 pus
1843 2862 1893 2898 vo-

253 2935 316 2976 rum
333 2933 512 2983 consensum3
531 2915 579 2974 hos
597 2933 700 2986 omnes,
717 2915 873 2974 absentibus
890 2919 1059 2977 curatoribus
1089 2924 1146 2982 cari
1164 2940 1208 2980 eos
1225 2942 1317 2993 posse,
1335 2936 1400 2982 ante
1417 2917 1520 2978 ditium
1536 2933 1595 2988 est,
1625 2921 1665 2974 ita
1682 2935 1732 2975 nec
1749 2922 1899 2984 quicquam·

254 2991 303 3046 :tut
322 2991 435 3058 maritis,
453 2985 495 3041 hic
513 2984 705 3045 inHollandia
723 2990 782 3045 sine
795 2986 879 3046 dubio
895 2989 1006 3047 admitti
1024 2991 1059 3048 ad
1090 2995 1220 3062 impedit,
1237 2996 1342 3054 eosdem
1360 2993 1438 3064 sisti,
1457 2991 1513 3049 litis
1530 2985 1689 3047 inchoandae
1706 3002 1802 3045 musar·
1832 2981 1893 3041 Du-

254 3057 423 3116 detinendos·
433 3054 568 3115 debitores
586 3059 614 3116 dr
630 3055 701 3114 bona
714 3075 807 3116 eorum
825 3057 884 3114 litis
899 3059 1057 3118 ordinanda
1090 3064 1164 3121 bium
1180 3075 1292 3137 tamen,
1318 3082 1353 3120 an
1374 3079 1429 3120 non
1447 3057 1543 3119 mulier
1559 3061 1704 3116 mercatrix
1740 3056 1829 3114 ublica
1855 3053 1893 3109 ob
1970 3119 1972 3123 7

250 3133 282 3186 a
303 3126 461 3185 inchoanda
479 3129 578 3200 gratia,
594 3129 699 3199 quoties
717 3130 747 3185 in
757 3145 833 3184 mom
890 3127 991 3188 iculum
1007 3144 1057 3202 est,
1088 3132 1210 3191 debitum
1236 3135 1270 3192 ab
1287 3153 1329 3208 eo,
1349 3151 1401 3204 qua
1419 3136 1593 3201 mercatrice,
1620 3142 1701 3188 contr
1745 3143 1808 3198 um,
1831 3127 1893 3181 sisti

253 3201 326 3258 &de
340 3211 505 3269 curatorum,
522 3201 732 3272 maritorumque
749 3197 838 3254 ratiha
858 3201 944 3257 itione
959 3200 1058 3257 idonee
1088 3203 1189 3271 possit?
1207 3199 1338 3264 Praesente
1354 3203 1462 3274 quidem
1481 3203 1559 3270 viro,
1576 3217 1633 3258 non
1653 3201 1756 3270 ipsam,
1783 3197 1831 3254 sed
1848 3197 1892 3250 vi-

252 3281 373 3339 cavetur,
392 3268 449 3326 vult
467 3263 563 3324 Simon
583 3287 635 3326 van
655 3267 796 3326 Leeuuoen
813 3289 880 3326 cens.
890 3265 945 3340 for.
964 3269 1055 3340 dpar.
1088 3291 1150 3332 rum
1167 3276 1383 3335 conveniendum
1400 3292 1464 3342 esse,
1482 3285 1563 3345 atque
1581 3271 1718 3330 itactiam
1734 3267 1893 3334 sistendum,

212 3370 220 3380 =
252 3355 279 3396 2.
300 3339 344 3396 lib.
367 3357 390 3395 r.
408 3354 464 3410 cap.
492 3337 533 3395 15.
552 3361 578 3394 π.
598 3339 623 3394 5.
652 3336 723 3396 forte
750 3345 811 3408 quia
837 3341 1057 3398 commerciorum
1088 3347 1177 3404 verius
1190 3359 1249 3414 est,
1267 3363 1328 3402 cum
1344 3349 1427 3401 etiam
1443 3345 1501 3413 ipsa
1518 3339 1634 3400 ethisc'e
1650 3341 1737 3398 causis
1754 3338 1893 3394 executio-

252 3407 298 3465 lric
316 3416 431 3467 maxime
448 3425 510 3466 eum
528 3408 675 3482 peregrinis
693 3406 848 3466 florentium
866 3407 977 3482 lavore,
999 3429 1055 3469 non
1087 3433 1150 3473 nem
1168 3418 1224 3484 pati
1242 3413 1347 3484 debeat,
1364 3417 1392 3474 dr
1409 3412 1487 3474 siad
1504 3409 1606 3470 fastus
1623 3409 1757 3483 obligatio
1775 3408 1894 3475 tendat,
1950 3457 1957 3468 .

250 3480 321 3538 adeo
337 3481 430 3538 odiosa
447 3492 588 3536 censentur
604 3493 727 3551 arresta,
745 3491 774 3537 ut
794 3493 858 3538 ante
873 3478 995 3548 dilium3
1027 3494 1055 3538 at
1087 3488 1095 3540 i
1157 3486 1280 3544 custodia
1307 3483 1382 3544 civili
1399 3495 1512 3555 cogatur
1539 3478 1646 3550 adeius
1670 3479 1891 3553 implementum.

250 3547 314 3609 aliis
331 3557 358 3608 io
370 3549 445 3621 locis,
463 3551 492 3604 in
503 3547 607 3622 quibus,
624 3565 745 3608 cessante
762 3553 815 3606 isto
824 3547 964 3622 frequente
982 3568 1054 3607 com-
1116 3575 1182 3628 eque
1205 3557 1232 3615 id
1249 3555 1412 3627 absurdum,
1439 3571 1501 3612 cum
1519 3559 1575 3622 ipse
1592 3571 1638 3622 per
1656 3558 1747 3610 uxoris
1774 3569 1829 3607 sua
1848 3546 1892 3605 fa·

250 3625 413 3679 merciorum
431 3635 492 3678 cum
510 3621 656 3692 peregrinis
674 3636 742 3688 usu,
760 3635 861 3678 arresta
879 3621 1064 3682 consideran·
1085 3623 1177 3698 dium,
1202 3644 1235 3684 ex
1253 3647 1301 3686 sua
1319 3625 1459 3686 voluntate
1482 3643 1515 3682 ac
1532 3623 1618 3680 tacito
1636 3623 1733 3682 saltem
1759 3638 1893 3678 consensu

248 3703 296 3748 tur
315 3704 345 3750 ut
363 3707 490 3764 perquam
506 3690 609 3761 odiosa,
627 3693 655 3749 br
674 3689 836 3748 arietinum
854 3701 997 3750 censentur
1013 3691 1053 3763 ju·
1085 3696 1219 3770 obligatus
1236 3703 1290 3766 sitq
1302 3723 1305 3730 ·
1318 3714 1420 3770 uxore,
1443 3695 1564 3766 scilicet,
1592 3705 1722 3764 tanquam
1741 3695 1832 3748 narii
1847 3692 1894 3746 sui

249 3765 295 3838 ris¹
306 3783 371 3832 esse,
390 3772 482 3831 utpote
499 3759 683 3818 exorbitantia
704 3759 890 3836 longissime-n
910 3759 968 3834 jure
979 3781 1053 3819 com·
1085 3769 1217 3826 irretierioe
1239 3768 1426 3838 medente,
1443 3784 1501 3824 „011
1518 3775 1648 3836 tantum,
1665 3766 1773 3833 quando
1791 3762 1892 3830 pariter

248 3836 326 3890 muni
345 3835 374 3892 ar
392 3850 451 3890 rece
469 3832 503 3886 tis
521 3830 689 3904 generalibus
706 3852 726 3886 a·
745 3831 837 3889 uitatis
855 3833 985 3904 regulis,
998 3833 1053 3892 hec
1083 3855 1145 3896 cum
1163 3841 1264 3897 nrarito
1278 3841 1443 3912 negotiatur,
1459 3837 1563 3894 adscita
1580 3833 1615 3892 ab
1633 3853 1666 3893 eo
1683 3842 1712 3894 in
1728 3845 1832 3901 partem
1849 3829 1891 3888 la-

248 3905 421 3972 opinionon
450 3899 519 3957 acile
537 3901 708 3959 admittitur.
743 3904 803 3959 inc
823 3899 962 3972 illtrajedii
981 3922 1051 3960 rece-
1084 3906 1177 3973 boris3
1194 3909 1240 3967 sed
1256 3913 1295 3982 br,
1313 3925 1375 3965 cum
1392 3907 1450 3965 sola
1467 3918 1646 3964 mercaturam
1664 3901 1813 3975 profitetur,
1828 3919 1891 3958 ma-

247 3985 325 4052 ptum
341 3972 418 4041 praxi
442 3982 602 4044 constante,
630 3971 771 4030 tnulierem
797 3975 856 4028 viro
882 3992 928 4043 per
946 3976 1053 4044 nuptias
1083 3984 1138 4034 rito
1155 3976 1226 4035 nihil
1244 3981 1359 4034 omnino
1376 3977 1528 4037 tratiante:
1559 3978 1682 4044 eoquod
1700 3980 1776 4032 omni
1795 3976 1824 4028 in
1842 3989 1890 4028 ca-

248 4039 378 4116 qundiam,
397 4061 431 4100 ne
448 4054 561 4113 urgente
578 4043 685 4110 quidem
695 4041 813 4112 periculo
829 4047 974 4116 evasionis,
992 4063 1051 4115 pus⁴
1082 4067 1122 4120 su,
1140 4051 1197 4104 sive
1214 4063 1390 4108 concurrente
1407 4049 1500 4104 mariti
1521 4049 1655 4106 industria
1672 4065 1704 4103 ac
1722 4044 1833 4113 lobene,
1850 4045 1890 4100 si-

246 4134 274 4173 se
291 4131 368 4172 suum
386 4111 671 4183 sistere.debitorem3
698 4117 726 4174 ἃ
748 4119 881 4172 existente
905 4114 1052 4187 aliquando
1082 4135 1115 4175 vc
1129 4116 1280 4192 deficiente,
1298 4120 1435 4177 concurrit
1454 4133 1545 4174 tamen
1555 4133 1657 4186 semper
1674 4129 1826 4186 expressum
1846 4113 1891 4171 vet

244 4202 329 4255 casu,
348 4201 400 4254 quo
419 4181 532 4254 mulier,
551 4181 664 4243 absente
684 4189 743 4240 viro
761 4187 794 4244 de
811 4200 872 4242 rato
889 4202 984 4242 cavere
1004 4201 1050 4254 pa-
1082 4189 1196 4245 tacitum
1223 4185 1279 4260 eJ‘us
1296 4191 1329 4249 de
1347 4187 1536 4249 contrahendo
1563 4189 1741 4257 mandatum,
1756 4198 1891 4244 remanet

245 4270 307 4314 rata
326 4257 353 4313 id
373 4249 487 4326 lecerat,
504 4257 531 4313 ἂ
550 4258 643 4312 arresti
662 4254 774 4314 nullitas
801 4253 836 4312 ab
853 4256 965 4314 adversa
984 4255 1049 4314 alle·
1081 4259 1213 4317 maritalis
1230 4273 1358 4332 potestas,
1376 4264 1404 4320 ar
1424 4263 1434 4313 i
1498 4261 1528 4314 in
1539 4260 1630 4317 mariti
1648 4268 1789 4330 potestate,
1805 4261 1891 4314 etiam

244 4324 359 4399 gebatur
372 4330 471 4398 parte,
499 4339 557 4408 post
576 4343 665 4383 acrem
681 4327 903 4397 disceptationem
930 4329 971 4384 vis
986 4341 1049 4384 tan·
1080 4343 1210 4400 quantum
1227 4333 1263 4389 acl
1280 4349 1322 4402 ea,
1341 4335 1368 4386 in
1386 4331 1432 4404 qui
1452 4349 1483 4389 us
1500 4343 1682 4388 mercaturam
1699 4340 1827 4394 exercet,
1846 4327 1890 4386 id-

244 4397 307 4456 dem
325 4399 406 4454 unius
432 4395 550 4470 suffragia
576 4397 751 4468 prerogativa
778 4411 911 4454 arrestum
938 4400 1049 4454 memini
1080 4417 1162 4472 eoque
1190 4419 1239 4457 nec
1258 4403 1319 4459 viro
1335 4401 1511 4472 dissentiente
1538 4400 1636 4460 mulier
1664 4398 1772 4470 publica
1802 4410 1891 4467 potest

243 4465 442 4538 conimtatum,
460 4469 539 4536 idque
556 4479 649 4535 prater
667 4483 836 4524 communem
854 4465 906 4524 fori
922 4468 1000 4526 istius
1017 4486 1048 4526 u·
1079 4474 1222 4530 mercatrit
1240 4491 1306 4545 esse,
1324 4491 1373 4531 nec
1388 4491 1424 4531 ,ex
1442 4491 1502 4544 suo,
1520 4474 1565 4532 sed
1584 4473 1637 4528 viri
1648 4475 1694 4528 'sui
1712 4473 1800 4538 capite
1818 4470 1892 4526 asti-

243 4557 320 4612 surn,
338 4537 374 4596 ob
390 4537 538 4614 peculiares
555 4539 789 4611 circumstantias,
815 4537 927 4598 muliere
945 4539 1047 4597 scilicet
1078 4539 1178 4614 matur,
1195 4543 1263 4601 adeo
1280 4556 1311 4601 ut
1328 4547 1356 4602 dr
1366 4544 1536 4600 minorenuis
1552 4545 1680 4613 miscens,
1697 4542 1726 4599 dr
1738 4539 1806 4610 lesa,
1823 4539 1890 4598 dum

244 4605 439 4679 perpicacis
459 4611 488 4665 in
507 4605 607 4732 pudicis
643 4607 701 4666 adia
718 4608 821 4667 dotalia
840 4608 989 4682 probante,
1016 4627 1050 4670 os
1079 4626 1257 4671 mercaturam
1267 4611 1419 4685 exercebat,
1431 4617 1536 4672 restuui
1548 4631 1602 4670 non
1613 4615 1705 4684 possit.
1725 4609 1890 4679 lb'ecquem-

240 4691 333 4737 tnnem
352 4681 412 4735 viro
431 4685 458 4736 in
478 4699 506 4736 re
526 4695 556 4732 us
574 4629 692 4738 mulieris
718 4679 867 4752 tradiandis
889 4694 941 4745 aut
959 4682 1045 4754 admi·
1077 4700 1158 4755 quam
1176 4701 1285 4740 movere
1300 4683 1380 4743 debet
1416 4687 1487 4757 quod
1506 4687 1621 4740 maritus
1637 4701 1770 4740 consensu
1788 4699 1838 4737 suo
1855 4701 1888 4738 u-

242 4751 391 4809 nistrandis
409 4763 567 4818 potestatem
586 4754 691 4822 penitus
709 4752 870 4824 denegatam
889 4749 1045 4828 suisse„so-
1077 4771 1169 4812 xorem
1187 4755 1300 4814 reddens
1318 4729 1436 4814 habilem
1454 4758 1489 4816 ad
1506 4753 1722 4812 contrahendum
1739 4751 1824 4810 etiarn
1844 4758 1887 4810 vi-

240 4821 313 4892 lique
330 4825 407 4882 uxori
423 4831 604 4882 reservatam.
990 4897 994 4902 .
1076 4823 1134 4883 deri
1152 4837 1238 4896 posset
1266 4827 1301 4884 ad
1320 4823 1483 4900 litigandum
1510 4822 1625 4888 effecisse
1653 4825 1796 4886 idoneam:
1827 4839 1884 4883 raon
