4012 5344
679 221 682 226 ,
732 159 783 246 De
808 181 844 236 ro
868 167 948 252 quoti
971 178 1059 232 cetto
1082 169 1161 234 loro.
1682 153 1730 258 17

0 336 1 339 ¹
34 259 47 340 j
122 263 239 342 efficium
249 256 359 335 judicis
380 253 435 318 cair
452 271 507 314 essa
525 251 637 329 aare,
654 269 684 314 ot
699 259 827 330 estimes,
843 263 938 331 quanti
966 266 995 342 tn
1011 275 1066 344 quo
1076 263 1218 316 sortircnu
1234 255 1436 331 qnoqaei'ornm
1452 252 1712 332 conpereranloci
1729 243 1780 314 ad·

0 350 1 399 1
124 339 226 398 allosis
244 337 357 404 insanit,
374 349 435 386 nm
453 325 599 385 dssmsaaat
616 347 753 384 summam
770 369 780 400 ‚
798 343 854 400 poa
867 345 937 400 petr·
967 340 1046 402 petro
1064 327 1136 386 facta
1154 345 1210 388 non
1228 345 1314 389 mart:
1333 349 1368 389 ne
1384 327 1509 402 alloquin
1525 332 1641 396 durioris
1657 331 1779 390 deteriov

106 425 209 481 uetur,
226 405 319 476 eapse
336 403 452 460 solarem
469 416 545 463 essee
561 397 678 467 adeoque
695 404 724 454 in
742 418 805 458 msa
822 401 939 472 quiden,
968 405 1055 470 risque
1076 395 1413 530 conditionisforotgtqul
1430 417 1487 458 uon
1514 403 1569 458 nisi
1586 418 1642 458 uno
1670 404 1701 456 in
1718 396 1782 454 loca

126 499 180 552 que
197 497 281 540 uesta
308 477 337 530 in
354 467 512 542 stipulatum
528 467 743 552 admodiasset,
769 474 849 528 sortis
866 471 939 528 solu-
968 471 1102 542 obligatus
1128 468 1307 552 praevoluit,
1379 469 1469 528 locum
1494 467 1692 542 adstringende
1709 463 1783 530 obli-¹

125 555 230 622 tionem
247 565 296 619 pro
305 555 380 616 parte
400 535 502 598 fabiam
518 555 578 595 arne
586 540 775 602 additamento
791 555 940 612 usurarum,
969 543 1088 616 gationis
1104 541 1192 610 gratia
1203 540 1310 613 adjecit,
1327 557 1408 612 quam
1425 541 1532 614 illi‚qui
1550 559 1607 598 non
1625 547 1663 595 ita
1681 536 1783 596 adstri-

126 637 241 696 querum
256 619 314 680 dies
334 611 385 686 iam
395 623 510 691 cesserat
527 620 648 680 tempore
663 613 747 679 partis
764 611 866 683 solnta,
884 631 939 670 non
969 628 1021 683 cte,
1037 628 1069 664 ac
1087 611 1145 666 sine
1163 608 1216 665 loci
1234 615 1374 669 mentione
1392 615 1590 692 promiserunt,
1617 606 1708 679 quales
1724 621 1784 662 non

127 691 257 766 perium
273 684 402 744 creditori
430 697 470 752 Jus
488 681 597 749 petendi
614 699 660 750 per
686 679 872 740 insomnes
889 685 941 740 sti·
970 685 1089 750 ubique,
1112 679 1158 737 aed
1174 691 1284 738 tantum
1310 685 1339 738 in
1358 679 1420 738 soro
1445 693 1614 750 competente
1640 673 1786 736 conveniri

128 763 223 836 puistu
240 764 270 817 in
288 755 452 828 preteritum
469 751 574 832 debitas
583 747 709 812 exsoluta
726 755 811 820 partis
830 768 942 818 ururnss
971 769 1055 824 posse,
1072 762 1187 806 constat.
1207 748 1300 823 quue
1318 749 1395 820 facit,
1413 753 1485 822 quod
1503 757 1532 808 in
1552 753 1570 808 l.
1588 747 1660 804 beses
1683 761 1724 821 19.
1741 737 1781 815 11⁴.

128 851 192 891 cum
209 835 241 892 dr
255 842 327 886 sorte
351 821 410 880 sola
427 826 456 878 in
474 821 602 891 judicium
628 819 818 892 dedutla,.ac
835 829 864 880 in
882 839 943 884 eam
972 825 1022 880 ult.
1043 817 1079 891 ffi
1106 817 1138 874 de
1147 817 1263 892 judicias
1292 819 1422 890 Ulpianus
1439 823 1561 892 scripsit,
1581 841 1664 890 eam,
1681 821 1726 890 qui
1743 821 1787 888 ita

129 900 358 962 condemnatione
376 907 487 964 secuta,
503 892 631 953 creditori
654 891 742 950 adhrm
769 881 882 952 facultas
900 915 943 952 su-
964 889 1024 967 fuir
1042 889 1091 950 obli
1107 907 1168 947 atus
1194 908 1224 948 sss
1243 894 1271 949 ia
1298 891 1532 962 [tarassiam.
1559 891 1583 945 si
1609 892 1638 944 in
1653 889 1790 956 provincia

131 975 212 1050 pergit
230 969 339 1043 petendi
367 983 401 1022 ert
419 961 549 1034 stipulatu
565 963 646 1018 sortis
672 961 746 1019 illius
763 957 818 1032 iam
835 964 944 1033 reddita
974 962 1063 1020 babai.
1085 909 1269 1033 domicilium,
1296 960 1430 1034 utrobique
1445 976 1517 1032 posse
1543 961 1695 1040 eonoeairi:
1719 960 1790 1016 dum

131 1062 235 1114 uenae,
254 1041 271 1098 l.
294 1057 318 1097 r.
332 1033 404 1092 Cdo
414 1031 538 1107 judiciis.
549 1029 592 1088 iix
610 1035 723 1091 adverso
740 1049 830 1093 autem
847 1037 871 1092 si
888 1053 944 1092 cer·
974 1029 1107 1104 superflua
1123 1048 1188 1088 sane
1205 1045 1287 1100 atquc
1305 1034 1398 1102 inepta
1417 1027 1487 1088 foret
1505 1031 1622 1100 adiectio
1640 1029 1704 1099 illa,
1722 1031 1792 1086 siin

131 1130 163 1176 to
181 1113 244 1171 loco
258 1123 366 1168 centum
379 1106 435 1164 sint
452 1095 556 1174 dssta,
573 1105 602 1161 dr
619 1101 723 1160 volenti
736 1105 868 1162 creditori
886 1121 945 1175 pars
972 1106 1108 1176 prouincia
1126 1098 1219 1160 babuit
1237 1101 1444 1171 dornicittamnt
1461 1105 1488 1160 dr
1510 1113 1585 1169 tunc,
1595 1117 1657 1156 cum
1676 1099 1706 1156 in
1726 1117 1791 1170 pro-

134 1185 230 1256 debiti,
248 1181 331 1241 veluti
343 1175 466 1244 dimidia,
478 1173 532 1230 alio
550 1173 579 1228 in
597 1171 657 1230 loco
674 1171 761 1231 soluta
781 1171 872 1248 fuerit,
891 1193 946 1232 nors
976 1176 1066 1230 vincia
1085 1188 1141 1226 non
1166 1170 1277 1230 haberet
1293 1171 1479 1242 domicilium,
1505 1184 1592 1240 posset
1612 1167 1792 1230 nihilominus

133 1253 228 1318 bddito
243 1271 276 1312 eo
294 1249 365 1320 quod
384 1252 496 1302 interest
515 1245 623 1300 ratione
640 1241 714 1314 loti,
740 1243 823 1316 deque
841 1247 947 1302 residua
977 1253 1005 1302 in
1026 1242 1165 1310 provincia
1181 1260 1240 1312 ¹per
1258 1239 1330 1300 hanc
1357 1241 1498 1298 actionem
1508 1241 1669 1299 cbnveniri.
1688 1240 1742 1298 sed
1760 1245 1793 1302 tte

135 1325 304 1400 posttnodum
321 1318 390 1374 alibi
398 1327 477 1374 extra
497 1312 586 1372 locum
595 1318 743 1383 appositum
760 1313 882 1374 creditor
901 1332 948 1370 ex·
978 1314 1088 1373 ulterius
1107 1309 1159 1368 buc
1176 1307 1303 1384 confert,
1321 1311 1391 1382 quod
1411 1310 1465 1369 hac
1483 1317 1556 1368 actio
1570 1325 1683 1370 tantum
1699 1311 1793 1370 induit

135 1398 265 1468 periatur,
284 1389 401 1462 judicem
420 1382 492 1440 haud
502 1388 702 1455 aestimaturum,
719 1389 815 1457 quanti
833 1386 949 1453 intersit,
979 1399 1104 1442 naturam
1122 1385 1260 1440 actionum
1279 1381 1355 1440 bona
1374 1381 1435 1440 fidel
1457 1394 1563 1451 propter
1581 1381 1687 1448 locum3
1704 1383 1797 1452 quod·-

135 1457 392 1526 totacentttmalibi
411 1454 598 1524 prestitamse,
614 1453 847 1527 scdsolummodo,
864 1473 950 1527 quan·
979 1473 1029 1525 que
1046 1453 1120 1510 locus
1137 1457 1162 1513 ei
1182 1471 1237 1513 non
1255 1455 1301 1525 sit,
1319 1452 1343 1511 si
1361 1454 1428 1520 quid
1447 1469 1482 1510 ert
1502 1457 1611 1524 negotio
1630 1451 1706 1508 bona
1726 1449 1791 1510 fidei

136 1541 160 1596 ti
177 1535 274 1594 referat
293 1529 402 1598 actoris,
411 1541 472 1581 eam
487 1539 628 1596 summam,
640 1527 700 1592 qua'
714 1524 803 1582 adhuc
821 1526 951 1584 solvenda
980 1538 1054 1582 certo
1071 1521 1131 1578 loco
1149 1523 1280 1584 debeatur
1297 1525 1372 1596 quasi
1385 1519 1536 1579 sufficiente
1554 1535 1619 1580 tunc
1636 1525 1695 1590 ipra
1715 1519 1797 1580 bonta

136 1617 232 1675 meat,
247 1605 275 1662 ε(
294 1605 322 1657 in
341 1596 469 1668 judicium
486 1594 600 1675 deducta
617 1607 668 1665 est,
686 1612 736 1652 suo
754 1593 814 1652 loco
833 1614 889 1652 non
908 1593 950 1652 fu·
982 1593 1043 1651 fidei
1058 1597 1177 1665 actione,
1187 1595 1204 1649 l.
1224 1597 1253 1650 in
1270 1593 1338 1652 bosra
1348 1589 1417 1664 fidei
1434 1607 1458 1664 7.
1471 1589 1509 1664 ffi
1517 1592 1541 1648 b.
1560 1609 1581 1648 t.
1601 1610 1681 1648 nemo
1697 1606 1795 1650 autem

136 1683 188 1736 isse
204 1670 330 1734 solutam.
349 1665 424 1726 Nam
441 1666 480 1736 tr,
497 1683 520 1743 sp
539 1677 625 1721 totana
639 1677 740 1720 sortem
758 1665 816 1726 sine
832 1683 864 1722 eo
881 1665 952 1734 quod
982 1663 1083 1736 judicio
1100 1660 1177 1723 bona
1204 1662 1265 1722 fidei
1285 1668 1435 1736 promiscuo
1457 1664 1490 1718 in
1509 1665 1603 1732 quovis
1630 1662 1690 1719 loco
1707 1667 1801 1730 possit:

137 1747 252 1803 interest
269 1752 348 1796 extra
366 1737 456 1793 locum
472 1732 607 1802 adiectum
615 1731 736 1791 oblatam
753 1737 781 1794 iit
799 1754 816 1792 a
835 1737 949 1792 credito·
981 1733 1134 1806 conveniri,
1153 1729 1227 1802 juxta
1261 1729 1464 1803 encraliajuris
1481 1726 1659 1790 firndnmenta
1676 1733 1711 1790 de
1731 1730 1794 1790 foro

139 1836 169 1876 re
187 1821 353 1886 acceptatam
380 1821 531 1886 proponas,
549 1805 580 1862 iu
607 1809 762 1864 universum
789 1817 953 1864 cessaturam
978 1812 1158 1874 competente.
1168 1751 1261 1875 Quod
1261 1824 1326 1878 ergo
1344 1803 1412 1860 alibi
1421 1802 1549 1872 scriptum
1566 1805 1707 1874 reperitur,
1723 1819 1799 1874 enm,

138 1905 195 1946 esse
212 1887 370 1954 petitionem
395 1894 451 1948 ejus
469 1873 540 1952 quod
558 1881 668 1932 interest
687 1937 688 1940 Ἴ
712 1873 813 1935 vPaulus
831 1880 954 1946 monuit,
983 1877 1027 1931 cui
1043 1881 1126 1932 certo‘
1145 1875 1204 1931 loco
1221 1873 1289 1948 solvi
1316 1876 1495 1932 constitutum
1512 1889 1571 1945 est,
1598 1871 1691 1944 ubique
1705 1888 1801 1944 ,patera

141 1955 227 2014 luit.
241 1949 277 2022 ff.
294 1947 320 2006 1.
337 1967 359 2005 r.
376 1943 481 2006 Conser
498 1942 642 2017 Gujacium
669 1914 714 2002 lsi.
733 1937 758 2002 3.
778 1945 819 2006 ad
841 1942 954 2018 Africa-
982 1962 1052 2016 posse
1069 1948 1097 2002 dt
1114 1965 1262 2020 quocunqne
1279 1949 1309 2002 in
1326 1945 1378 2002 loco
1395 1947 1438 2012 oi
1465 1945 1591 2014 possead
1613 1944 1801 2012 idquodin·

142 2035 209 2084 main
235 2017 356 2079 addi.
382 2013 409 2074 8.
425 2012 459 2088 ff.
477 2013 503 2072 1.
521 2031 540 2073 t.
569 2013 709 2073 Pereziun
728 2016 757 2072 C.
787 2015 954 2075 olitanam.
984 2029 1077 2086 terest,
1094 2017 1112 2076 l.
1130 2020 1152 2072 si
1170 2015 1221 2071 duo
1242 2015 1282 2076 16.
1291 2009 1317 2087 ᾗ
1337 2014 1384 2072 sed
1454 2033 1475 2072 t.
1486 2013 1517 2088 ff
1535 2011 1565 2069 ds
1583 2017 1685 2070 constit.
1702 2029 1803 2083 mcum.

141 2097 188 2170 qui
208 2110 276 2152 certo
298 2090 343 2146 loc.
361 2086 428 2168 dare
444 2102 578 2154 promen.
596 2099 623 2158 9.
642 2085 676 2148 (a
693 2107 759 2159 seqq.
777 2083 956 2145 Beukelman-
986 2088 1004 2144 1.
1023 2107 1093 2154 eum,
1110 2092 1155 2160 pus'
1173 2088 1291 2146 insulam
1309 2079 1353 2155 15
1397 2128 1405 2142 .
1422 2084 1598 2157 1111111111,
1617 2083 1734 2141 civiliter
1751 2103 1805 2141 ac<

141 2181 210 2226 num
227 2161 268 2218 ad
282 2157 367 2218 Pand.
386 2173 412 2214 t.
430 2171 451 2212 t.
470 2161 546 2214 nam.
566 2169 590 2229 7.
611 2155 799 2215 Wissenbach
818 2156 858 2212 ad
873 2155 956 2212 Pausi.
986 2159 1141 2226 cipiendum
1157 2168 1207 2227 est,
1226 2176 1274 2227 pro
1291 2157 1367 2214 omni
1389 2172 1418 2214 ns
1436 2155 1491 2212 illis
1509 2155 1586 2226 locis,
1601 2153 1634 2210 in
1652 2152 1747 2222 quibus
1761 2172 1817 2214 επ

70 2255 76 2265 ·
144 2235 171 2292 1.
180 2245 206 2292 t.¹
219 2233 269 2293 nol.
282 2252 306 2290 t.
325 2229 388 2298 disp.
407 2225 486 2286 26.n.
509 2223 551 2284 15.
571 2223 613 2286 16.
631 2225 711 2297 paulo
728 2225 809 2286 aliter
826 2228 854 2286 d.
871 2225 958 2299 legem
986 2225 1107 2300 generals
1127 2226 1215 2300 legum
1241 2227 1417 2310 disposiyone
1434 2221 1552 2284 alliones
1565 2223 1712 2282 'intentari
1739 2243 1810 2292 pos-

142 2303 317 2376 explicanees.
932 2311 935 2320 ¹
987 2309 1068 2365 sunt,
1085 2315 1145 2368 arg.
1163 2297 1182 2355 l.
1201 2301 1224 2356 si
1244 2301 1297 2358 sai,
1307 2295 1450 2368 simplicius
1467 2310 1493 2369 9.
1510 2293 1544 2367 ff.
1563 2291 1594 2352 dc
1613 2293 1781 2354 servitutibus
1792 2337 1809 2368 2

179 2373 206 2446 d.
224 2373 344 2446 Quodsi
361 2369 416 2430 duo
433 2366 492 2424 loca
510 2367 668 2426 alternatim
694 2369 864 2440 promissioni
883 2365 956 2494 adpe-
988 2370 1016 2426 dr
1035 2369 1055 2432 1.,
1072 2370 1179 2440 qailoco
1196 2383 1241 2444 ¹7.
1251 2365 1336 2442 ffidr
1352 2365 1462 2426 111111.
1479 2364 1597 2426 indebiti.
1617 2367 1660 2423 Ac
1678 2379 1806 2436 preterea

141 2459 189 2510 ¹cta
206 2450 272 2516 sint,
289 2441 374 2500 veluti
392 2435 488 2508 Ephesi
504 2439 654 2508 aistCapuae
670 2455 776 2503 centum
794 2439 865 2511 dari,
882 2441 917 2498 de
937 2441 958 2491 i·
992 2441 1018 2493 in
1036 2435 1062 2492 1.
1082 2441 1101 2496 l.
1125 2434 1170 2506 15.
1188 2457 1244 2498 non
1261 2440 1296 2496 de
1323 2437 1374 2496 hac
1392 2437 1536 2510 arbitraria
1563 2437 1609 2496 sed
1632 2435 1718 2494 scritti
1739 2433 1807 2493 ‘uris

146 2516 215 2582 toris
231 2513 339 2584 qutdem
364 2509 461 2569 electio
478 2521 538 2580 est,
556 2507 586 2566 in
604 2526 658 2579 quo
676 2507 740 2568 velit
759 2509 819 2566 loco
835 2507 960 2574 solveret
988 2503 1096 2566 ausone
1113 2527 1202 2566 sermo
1228 2521 1289 2581 est,
1305 2525 1367 2565 cum
1382 2509 1424 2566 ibi
1441 2525 1500 2564 non
1516 2510 1551 2566 de
1567 2503 1669 2576 dandi,
1759 2503 1811 2562 fa·-

145 2586 192 2654 sed
208 2602 242 2642 eo
257 2594 388 2650 cessante,
396 2579 514 2638 creditor
531 2574 617 2653 eligit,
626 2585 656 2637 in
674 2597 728 2649 quo
744 2597 779 2638 cx
797 2577 901 2638 duobus
920 2577 960 2632 ln·
990 2578 1081 2636 ciendi
1098 2578 1264 2652 obligatione
1282 2578 1432 2648 tradetur,
1450 2583 1480 2634 iu
1497 2589 1549 2650 qaa
1566 2595 1623 2634 non
1641 2595 1697 2636 esse
1714 2575 1811 2636 locunt

145 2657 186 2721 cis
203 2648 294 2726 pe'tere
313 2651 393 2724 velit,
411 2652 471 2708 sine
488 2648 601 2708 alterius
626 2648 679 2708 loci
698 2651 858 2716 mentione3
875 2649 914 2704 sic
932 2661 962 2703 ut
990 2645 1093 2704 ciliani
1112 2645 1173 2708 huic
1199 2649 1234 2706 de
1250 2665 1283 2706 eo
1309 2648 1382 2731 qnod
1398 2662 1473 2708 certo
1491 2647 1570 2719 loco,
1597 2665 1660 2706 mox
1677 2641 1813 2708 diceturss

144 2723 200 2786 loci
217 2725 312 2784 electio
328 2721 445 2782 debitori
462 2719 499 2778 ob
517 2737 622 2778 mosam
639 2723 775 2791 perenn&
794 2725 823 2774 in
841 2719 962 2777 credito-
992 2713 1122 2776 Donellrn
1149 2735 1289 2777 comment.
1311 2739 1372 2792 yur.
1390 2719 1475 2778 civilis
1504 2716 1548 2776 lib.
1573 2729 1612 2789 17.
1639 2733 1814 2790 c.19.posr.

146 2813 205 2856 rem
224 2791 404 2853 transferatur
449 2790 467 2846 l.
486 2790 633 2850 arbitraria
652 2807 676 2846 a.
702 2785 728 2866 β.
746 2789 860 2854 &evola
885 2783 962 2858 dff.
993 2787 1061 2843 med.
1080 2783 1208 2849 Besoldus
1216 2787 1327 2848 detibas.
1338 2789 1413 2859 juris
1431 2785 1473 2846 ad
1486 2787 1570 2846 Paul.
1588 2787 1615 2847 1.
1632 2807 1652 2846 r.
1672 2791 1813 2848 wissen-

146 2865 175 2928 1.
193 2884 214 2925 t.
234 2863 333 2924 Sed&
369 2863 394 2918 si
411 2833 485 2917 iacta
502 2863 538 2920 sit
556 2860 704 2920 alternatio
720 2876 810 2919 rerum
836 2858 964 2916 simulac
993 2856 1062 2914 bach
1080 2857 1121 2914 ad
1135 2857 1219 2916 Paad.
1238 2857 1266 2916 1.
1285 2875 1306 2917 r.
1321 2861 1369 2919 ool.
1393 2857 1490 2929 ndo.
1509 2857 1551 2916 26.
1569 2881 1615 2918 nu.
1637 2877 1680 2934 ιο.
1695 2859 1812 2918 Zoesiua

146 2937 289 3002 locorum,
307 2903 399 3000 velut,
430 2929 523 3000 Ephesi
540 2929 629 2986 haam
655 2946 705 2988 aut
722 2930 816 3002 Capua
833 2927 964 2986 bominem
994 2923 1554 2992 111111.1.ε.ηωω.5.Ρεπαιυεσο1.
1574 2929 1621 2988 ubi
1636 2950 1741 2990 coavrn.
1760 2931 1812 3004 qai

150 3007 222 3072 dari,
240 3003 322 3060 initio
344 3007 471 3068 inspecto
487 2997 621 3058 debitoris
637 2999 734 3060 electio
749 3013 809 3068 est,
834 3011 894 3058 tum
912 2997 965 3054 loci
994 3015 1063 3077 perro
1079 2997 1131 3055 loco
1157 3010 1232 3058 nam.
1255 3017 1279 3058 t.
1306 2997 1336 3060 N
1369 3020 1402 3061 ue
1419 2998 1535 3060 multum
1561 2998 1613 3057 hac
1637 3003 1670 3057 -in
1697 3011 1772 3072 parte
1790 3018 1813 3058 a

152 3091 217 3136 tum.
230 3066 599 3140 reicontemplatione5poat
616 3085 720 3126 moram
737 3081 828 3128 autem
846 3069 966 3126 creditor
996 3083 1051 3138 rure
1068 3065 1195 3126 Romano
1212 3069 1336 3130 moresh
1375 3072 1444 3129 'rni
1461 3085 1644 3143 recesserunt,
1697 3071 1811 3144 thosis,
1866 3061 1871 3080 '

148 3161 211 3214 ,non
229 3139 309 3200 modo
326 3139 390 3208 loct,
405 3139 452 3194 sed
470 3152 579 3208 propter
596 3137 784 3225 locumwetiam
801 3141 841 3198 rei
857 3139 967 3198 electio-
995 3139 1041 3221 qui
1058 3153 1132 3197 certo
1151 3139 1210 3198 loco
1227 3141 1372 3214 promisit,
1390 3159 1445 3200 non
1464 3141 1544 3205 aliter
1561 3162 1594 3201 eo
1621 3145 1650 3199 in
1661 3091 1729 3200 idm
1745 3137 1812 3202 effi-

152 3231 217 3276 nem
235 3209 338 3279 habet,
354 3224 391 3265 an
417 3206 542 3268 videlicet
559 3207 652 3268 decem
677 3207 702 3267 lt
721 3208 778 3268 hesi
805 3228 842 3268 an
869 3209 968 3280 Capua
995 3209 1096 3268 caciter
1121 3213 1262 3272 conveniri
1280 3225 1386 3285 potest,
1411 3216 1533 3286 quamsi
1558 3211 1614 3271 illic
1632 3215 1809 3285 inveniatur,

149 3281 294 3342 hominem
311 3275 512 3364 peteremalit,
530 3276 607 3336 nulla
622 3281 663 3340 rei
681 3229 794 3338 alerius
821 3278 907 3338 locive
926 3275 968 3336 la·
995 3292 1043 3338 aut
1061 3276 1133 3338 bona
1151 3280 1248 3342 habeat
1276 3301 1334 3356 quse
1350 3297 1454 3342 arrecto
1470 3296 1619 3357 graventur
1645 3285 1680 3342 ad
1699 3280 1811 3354 jurisdi-
1884 3321 1892 3332 .

152 3367 199 3414 cta
215 3359 487 3424 commemoratmne‚
512 3345 576 3418 11.
596 3365 623 3437 p.
642 3348 679 3478 pi.
697 3345 724 3408 5.
741 3349 775 3424 ffl
794 3349 819 3409 1.
838 3368 857 3409 r.
877 3348 909 3432 Sl
925 3365 968 3420 ta·
996 3347 1115 3409 blionem
1133 3323 1427 3426 ftmdandametiamsi
1444 3361 1587 3426 promissor
1598 3349 1651 3412 fori
1669 3355 1828 3427 privilegio

151 3443 218 3492 nien
235 3435 313 3482 extra
339 3417 394 3476 duo
409 3418 469 3503 loca
486 3419 644 3490 promiseron
680 3419 839 3480 alternatrm
863 3421 968 3492 adsema
998 3427 1228 3495 renunciarem&
1245 3444 1275 3484 se
1291 3422 1443 3495 specialiter
1460 3423 1613 3496 subjecisset
1630 3423 1812 3495 jurisdtttsont

154 3509 231 3556 actor
240 3491 308 3552 alibi
317 3503 405 3572 peterp
415 3487 491 3564 vela,
499 3490 636 3564 rariusque
652 3492 703 3565 rei,
720 3499 743 3564 si
751 3499 838 3552 mixta
853 3491 969 3550 alterna·
999 3490 1093 3564 judicis
1109 3492 1162 3550 loci
1179 3492 1255 3554 illius
1298 3502 1401 3568 inquo
1418 3514 1446 3554 se
1462 3495 1612 3554 soluturum
1640 3499 1809 3565 promiserat.

144 3567 225 3641 ‚aioni
242 3562 363 3642 locorum
380 3571 417 3616 stt
433 3579 524 3623 rerum
540 3558 708 3648 alpesnatios
735 3579 818 3636 atque
834 3567 874 3620 ita
891 3560 969 3621 debi·
1001 3561 1038 3622 Ut
1057 3577 1149 3622 tamen
1166 3578 1244 3624 extra
1261 3535 1350 3626 locius
1367 3572 1515 3636 appositum
1532 3569 1562 3623 in
1580 3569 1675 3635 quovis
1690 3566 1745 3623 alio
1762 3567 1812 3626 dc-

153 3643 208 3698 tori
225 3652 317 3694 turrim
343 3629 440 3690 electio
448 3645 608 3718 competat,
625 3653 700 3706 antus
718 3636 786 3693 velit
814 3633 868 3691 loci
883 3635 913 3694 a
932 3638 970 3690 rei
999 3631 1152 3706 prehensus,
1168 3651 1271 3696 arresto
1281 3637 1417 3696 mediante
1435 3639 1576 3694 conveniri
1587 3649 1676 3705 queat,
1693 3653 1756 3694 cum
1773 3654 1810 3694 ex

154 3707 363 3770 :stinationem
380 3703 568 3777 conmderari,
594 3717 625 3764 ut
641 3705 788 3764 mundius
814 3723 873 3763 eam
892 3701 970 3774 pudet
999 3705 1076 3773 praxi
1094 3705 1204 3778 vulgata
1221 3711 1364 3768 attestatio
1380 3703 1462 3776 judici
1478 3706 1581 3766 tribuat
1600 3703 1815 3774 iurisdiiiioncm

153 3779 188 3834 in
206 3774 258 3832 hac
285 3773 430 3832 arbitraria
447 3771 578 3844 definiat,
595 3775 774 3846 quantoplus
800 3778 924 3833 minusve
942 3780 971 3829 iu
1000 3779 1029 3834 in
1047 3793 1172 3842 personas
1189 3789 1236 3834 aut
1254 3797 1297 3838 res
1312 3779 1372 3836 sisti
1390 3795 1446 3836 non
1464 3776 1620 3849 prohibitas.
1640 3775 1817 3837 Groenevve-

156 3843 212 3906 hoc
230 3844 310 3920 loco,
328 3848 357 3902 in
375 3861 429 3913 quo
446 3847 555 3920 agitur,
571 3863 618 3916 per
636 3859 712 3902 reum
738 3849 824 3903 actori
842 3858 970 3914 prastan-
999 3861 1053 3916 gen
1072 3844 1201 3904 aliun.
1220 3847 1249 3902 C.
1268 3846 1821 3921 1111111111ιινεοίοωὼηρνο-

154 3915 222 3976 dum
238 3917 284 3986 sit,
301 3916 327 3972 1.
345 3915 364 3972 l.
382 3929 409 3971 a.
426 3909 453 3990 §.
472 3917 496 3970 si
537 3916 578 3972 ais
597 3912 694 3984 Ephesi
721 3929 747 3972 a.
763 3909 790 3989 §-
809 3913 834 3971 1.
853 3931 873 3973 t.
891 3911 972 3987 erod
1000 3917 1084 3986 misit,
1097 3927 1157 3984 post
1166 3905 1349 3990 Cristinnum,
1358 3913 1443 3990 Gayl,
1457 3919 1528 3978 Ant.
1538 3913 1668 3985 Fabium,
1686 3913 1821 3993 Brugune

155 3988 181 4046 st
199 3988 342 4057 promissor
359 3983 493 4054 seEpiesi
550 3983 645 4055 capua
663 3983 894 4044 decomanorum
911 4002 972 4055 pro·
1001 3983 1076 4056 dnm,
1093 3981 1213 4057 aliosque
1229 3986 1330 4048 ibidem
1347 3991 1456 4048 citatos.

154 4058 280 4129 mismit,
298 4055 350 4112 hoc
366 4069 458 4114 actum
476 4053 660 4130 intelligitur,
686 4071 717 4118 ut
743 4052 843 4128 Ephesi
870 4069 974 4127 partem
1035 4053 1062 4112 6.
1081 4055 1142 4114 Etsi
1170 4076 1234 4114 vero
1252 4057 1307 4118 laec
1324 4056 1396 4116 attio
1421 4058 1560 4131 utriusque
1575 4055 1721 4118 utilitatem
1746 4077 1829 4120 con-'-

158 4127 258 4213 Capua
276 4127 373 4198 solvat,
390 4125 417 4212 1.
435 4125 453 4185 Ι.
472 4143 497 4184 a.
515 4119 541 4198 §.
560 4128 585 4182 si
602 4129 659 4211 qais
675 4130 718 4192 ita
733 4125 759 4197 lp
771 4123 809 4199 ffl
827 4125 853 4184 h.
872 4144 893 4184 t.
911 4124 973 4184 Pla·
1002 4127 1099 4196 tinent,
1116 4139 1173 4184 tam
1189 4127 1288 4188 altoris
1305 4146 1388 4198 quam
1405 4131 1464 4202 rei,
1479 4133 1518 4186 sic
1535 4143 1566 4189 ut
1584 4130 1697 4188 minoris
1714 4133 1819 4192 conde-

69 4214 75 4226 ·
157 4217 207 4270 ne,
221 4217 245 4254 sr
261 4195 470 4272 quiahomsnem
487 4193 719 4256 certumalramve
734 4217 789 4256 rent
802 4195 974 4257 individuam
1002 4201 1107 4254 mnatio
1125 4194 1273 4268 fiat,quam
1289 4201 1448 4270 promissum
1465 4203 1546 4272 est,si
1564 4204 1602 4260 rei
1614 4201 1739 4272 intersit,
1755 4221 1817 4260 ma·

155 4261 261 4348 ¹Ephesi
276 4272 305 4328 lit
332 4267 434 4337 Capua
451 4267 513 4328 dari
530 4272 691 4339 promittat,
711 4273 768 4339 ipso
786 4268 843 4342 jure
870 4263 975 4326 inutilis
1002 4265 1065 4340 joris
1081 4279 1181 4341 atatem,
1198 4273 1222 4326 si
1239 4271 1347 4330 intersit
1364 4269 1474 4341 ailoris,
1492 4289 1541 4328 nec
1560 4266 1756 4340 fudexeervire
1774 4289 1818 4333 te-

160 4335 235 4399 l'oret
250 4338 381 4414 obligatio
401 4356 463 4398 cum
481 4338 651 4409 impossibilis
670 4344 837 4410 repromissio
854 4341 901 4411 sit,
918 4356 973 4410 arg.
1004 4351 1100 4396 neatur
1118 4344 1266 4409 quantitati
1281 4337 1423 4401 contradit
1436 4338 1642 4414 comprehensa,
1656 4343 1816 4414 111111111-

159 4408 179 4468 1.
199 4413 222 4467 sr‘
244 4411 355 4482 stipulor
381 4380 474 4484 diff.
493 4409 525 4468 de
550 4409 621 4470 verb.
640 4407 712 4488 oblig.
729 4403 756 4485 β.
784 4411 842 4468 loca
858 4407 886 4468 5.
906 4407 974 4466 Inst.
1004 4413 1047 4467 ria
1065 4425 1092 4466 2.
1106 4424 1144 4478 pr.
1162 4407 1229 4484 inp.
1248 4410 1298 4468 ult.
1311 4405 1416 4481 fflba.
1435 4422 1526 4469 tamen
1546 4413 1576 4479 in
1595 4414 1754 4472 estimando
1771 4435 1816 4490 eo,
1870 4407 1876 4418 ’

161 4481 194 4538 de
211 4480 282 4538 verb.
311 4480 363 4538 obt·
377 4499 416 4538 at.
434 4485 451 4538 l.
470 4499 496 4539 a.
521 4481 560 4550 ff.
578 4485 623 4555 qui
641 4487 682 4540 ita
708 4477 785 4554 affl
804 4479 829 4538 1.
848 4495 869 4538 t.
888 4479 907 4535 1.
925 4480 1075 4549 mequod
1091 4481 1222 4554 interest,
1239 4482 1431 4553 inquirendum
1447 4483 1595 4568 praecipue³
1613 4485 1642 4540 in
1661 4479 1738 4552 cujus
1754 4499 1819 4558 gra-

161 4551 247 4609 solum
264 4547 309 4610 31.
361 4594 368 4609 .
386 4551 418 4607 da
436 4550 507 4628 oilig.
534 4551 568 4616 (a
585 4553 640 4610 ait.
658 4554 677 4610 l.
695 4574 748 4624 aa,
765 4549 899 4626 quadani
917 4544 975 4608 155.
1004 4549 1072 4608 tiam
1088 4546 1205 4622 adjeilio
1222 4551 1275 4610 loci
1292 4547 1364 4611 sabla
1381 4555 1434 4612 sit:
1453 4559 1556 4612 etenim
1572 4573 1596 4611 at
1612 4551 1709 4612 piloris
1728 4571 1806 4616 rausa

159 4623 184 4680 Ἰ.
203 4621 402 4694 impossibilium
424 4617 533 4700 unffi
551 4621 583 4678 de
602 4644 652 4710 rap.
664 4621 749 4696 juris.
1004 4627 1086 4681 etiam
1104 4624 1219 4681 maxime
1245 4621 1300 4696 ejus
1318 4619 1388 4682 foret
1407 4619 1534 4686 habenda
1560 4630 1650 4697 ratio,
1675 4638 1706 4682 ut
1724 4601 1819 4686 conse2

160 4705 163 4710 '
202 4693 230 4751 5.
247 4695 458 4755 Conveniendus
475 4707 566 4752 autem
592 4711 640 4764 qut
655 4708 732 4754 certo
749 4694 809 4754 loco
834 4693 899 4754 dare
916 4707 976 4761 pro·
1004 4706 1101 4764 quatur
1137 4693 1214 4754 santi
1240 4695 1369 4764 intersit5
1394 4699 1436 4752 sin
1455 4697 1495 4754 rei
1519 4716 1565 4756 seu
1592 4698 1758 4764 promissoris
1776 4693 1821 4754 fa-

164 4764 252 4836 misit,
262 4783 325 4825 non
344 4769 374 4824 in
385 4763 440 4822 alto
457 4781 615 4836 quaeroque
624 4765 693 4838 loco,
701 4767 748 4828 scd
766 4772 794 4828 in
806 4783 841 4830 eo
857 4773 977 4834 tautum,
1007 4781 1070 4826 vote
1079 4805 1090 4840 ,
1107 4713 1135 4828 'd
1152 4777 1217 4834 ante
1243 4767 1336 4840 anania
1352 4767 1519 4900 curandpm‚
1536 4785 1571 4828 ne
1596 4767 1644 4832 ille
1667 4774 1698 4828 in
1714 4767 1817 4832 damno

245 4837 306 4898 Vort
322 4837 364 4898 ad
377 4834 504 4902 Parieti.
522 4835 594 4899 Tomi
612 4835 673 4906 III.
909 4885 936 4930 t
