4022 5358
736 171 788 242 De
804 171 1109 252 Iustitiaerduret
1662 175 1688 258 9

128 277 170 330 ter
185 271 273 348 genter
290 261 461 326 emmecis
476 261 633 326 devinciens
659 259 698 324 sic
720 279 751 326 ut
777 271 914 338 peccaturi
945 282 1001 344 tur,
1014 270 1079 328 dum
1097 259 1258 324 serviramm
1275 273 1307 318 rc
1324 256 1566 325 manumissionum
1583 253 1642 330 juta
1660 259 1741 316 inve·

129 353 218 402 essent
235 356 268 396 ac
285 338 430 412 puniendi
442 339 551 464 gaurici
568 356 585 393 a
602 305 653 394 tali
670 338 826 398 recederent
842 337 917 411 jurer
947 345 1060 402 niuntur
1076 333 1201 407 abolita,
1217 345 1249 392 ut
1278 334 1368 389 minus
1390 328 1591 400 conducentia,
1607 343 1744 400 utcunque

130 412 171 470 uti
189 410 225 480 'pn
243 409 370 466 tranire-le
386 427 440 468 cun
469 425 499 466 os
520 407 645 466 homines
662 405 828 485 obstringit,
846 414 918 472 cives
946 415 1043 484 passim
1059 408 1125 464 olim
1144 410 1215 464 inter
1232 412 1323 477 gentes
1341 399 1529 460 laudataNec
1548 399 1624 459 aliud
1642 392 1743 458 feren·

130 493 219 542 onnes
236 476 279 550 jin
295 477 387 535 civile.
407 478 475 538 'l'ale
500 481 574 537 enim
590 477 656 548 quid
682 481 754 538 inter
776 494 870 556 gentes
887 500 917 540 a·
946 485 1011 544 dum
1027 482 1062 542 de
1078 481 1112 536 iis
1129 475 1240 549 iudiciui
1288 491 1344 544 qua:
1363 471 1398 528 ad
1417 469 1538 541 publicos
1555 473 1685 546 gentium
1712 487 1744 525 a·

128 567 207 626 utum,
224 545 464 620 talepopulorum
480 553 624 622 omnium,
641 567 694 680 Ἆιια
713 547 820 624 talium,
844 570 917 610 com·
946 549 1004 615 dius
1021 551 1179 626 pertinent}
1207 545 1297 617 quain
1316 555 1380 601 sunt
1400 541 1567 616 legationum
1594 538 1672 612 jura,
1699 556 1747 622 so·-

129 639 206 680 mine
233 617 379 702 vinculum
406 618 480 678 haud
507 619 642 689 deprehen
663 641 698 678 ο.
726 617 804 694 Quin
828 626 917 692 potius
947 625 1048 684 lemnes
1067 617 1198 678 bellorum
1223 615 1468 680 denunciationem
1485 611 1594 690 iliaque
1620 611 1664 669 his
1682 606 1745 666 alh·

128 709 293 763 (liminiiue
307 691 368 758 iuri
385 692 508 763 Sentium
520 691 681 752 seciinilarie
699 693 727 748 in
738 693 852 761 publicis
861 698 917 766 pri·
947 699 995 754 nia
1013 693 1110 765 plura,·
1127 703 1189 746 cum
1206 689 1235 746 dr
1253 687 1307 746 hac
1328 701 1381 741 non
1402 687 1463 754 ita,
1479 683 1520 740 uti
1540 695 1581 752 Jus
1600 679 1746 750 naturale,

129 765 248 832 vuuqiie
277 762 400 836 negotiis
427 761 636 831 adscribuntur,
654 779 711 818 uon
729 761 785 822 alio
805 781 917 822 scnsua
946 783 978 824 et
997 765 1077 827 certis
1095 759 1197 831 possint
1214 759 1310 816 deduci
1334 755 1493 826 principiis,
1512 753 1558 810 sed
1584 769 1618 810 eri
1645 767 1695 808 usu
1713 752 1743 808 δι

126 837 248 908 gentibus
274 833 430 889 constituta
449 830 505 888 diei
532 845 654 903 possunt,
680 849 762 902 quarn
788 835 852 906 quia
871 833 918 904 id,
947 835 1089 894 voluntate
1106 831 1228 918 gentium
1242 828 1372 898 precipue
1385 825 1495 882 niodum
1510 821 1679 891 imamque
1698 836 1745 876 ³⁰·

127 904 213 974 prod,
231 903 353 963 humano
369 905 462 974 generi
479 901 670 971 multiplicato,
679 921 725 973 per
743 904 918 964 ratiocinium
946 909 1074 980 ceperint.
1093 899 1224 970 brenim,
1243 899 1313 970 quod
1332 895 1404 952 missi
1432 896 1466 952 ad
1483 894 1569 952 socios
1596 895 1626 954 iic
1643 889 1745 948 amicus

128 973 269 1034 videbatur
285 969 365 1043 utile,
382 974 411 1034 tir
429 971 466 1028 ad
507 973 671 1031 renovenda
698 975 769 1034 inter
795 974 918 1034 homines
999 977 1058 1034 ulos
1078 971 1169 1056 legati,
1186 967 1222 1026 ab
1239 973 1325 1038 iisque
1342 983 1390 1036 12¹0
1406 965 1507 1021 talibus
1524 963 1632 1042 agniti,
1650 953 1740 1018 ⁵²¹¹&

127 1044 287 1128 nomnaercia
301 1043 465 1126 expeditum.
484 991 621 1102 iaulatim
638 1061 711 1100 nuuc
730 1041 826 1118 hujus,
844 1063 917 1104 nunc
947 996 1082 1104 hibentur
1110 1039 1139 1098 id
1158 1057 1215 1097 non
1233 1057 1267 1098 eir
1284 1037 1402 1108 quodam
1418 1037 1577 1093 secundario
1595 1049 1651 1101 jure
1669 1045 1741 1114 gen-

125 1113 191 1172 aiuii
208 1109 302 1184 pop-iii
319 1129 379 1184 usu,
392 1114 422 1171 δι
439 1123 479 1166 ita
496 1114 608 1172 tandem
630 1116 754 1187 gentium
769 1115 917 1188 plerarum-
947 1119 1027 1189 tiiim,
1045 1085 1092 1172 sed
1109 1111 1194 1184 magis
1209 1125 1243 1168 eri
1263 1109 1314 1168 fide
1330 1107 1414 1176 data,
1430 1117 1510 1174 atque
1536 1105 1604 1162 adeo
1629 1117 1662 1160 et
1681 1101 1745 1184 ipsu

97 1235 101 1247 .
124 1201 172 1255 que
189 1181 395 1253 comprobatum
414 1179 485 1244 suit:
504 1181 582 1240 nulla
604 1185 638 1246 de
654 1185 754 1245 cetero'
770 1185 917 1244 universali
948 1181 1160 1256 instituistis
1194 1179 1326 1248 tineipiis,
1334 1176 1428 1233 datam
1446 1174 1525 1234 iidem
1543 1177 1640 1242 cuique
1653 1181 1743 1228 ettam

123 1253 291 1336 obligatione
307 1265 402 1378 Εοιιῑω
419 1253 617 1336 ᾳάεῑι“ηεεηιε.
635 1253 699 1331 Qua
716 1271 824 1326 propter
841 1258 869 1316 dr
886 1272 917 1314 o·
947 1259 1054 1328 privato
1071 1197 1254 1321 servandam,
1272 1244 1499 1318 precipientibus,
1518 1244 1672 1320 recendit,
1687 1235 1742 1325 szl

123 1326 179 1382 tius
193 1323 305 1394 alibua
331 1322 359 1380 bi
376 1339 460 1380 serius
481 1343 524 1397 ea,
541 1344 597 1395 quie
624 1321 690 1394 juris
713 1327 837 1400 gentium
862 1345 918 1385 esse
947 1329 975 1387 δι
995 1323 1065 1400 quod
1082 1320 1117 1378 ab
1135 1319 1212 1378 hoste
1239 1319 1274 1378 ad
1292 1316 1396 1374 horem
1422 1313 1541 1388 ablegati
1569 1314 1604 1371 ab
1632 1315 1743 1382 iniuriis

122 1396 261 1464 dicuntur,
280 1405 387 1460 recepta
405 1405 529 1452 constatt
549 1398 577 1453 tir
595 1392 694 1464 refesia
713 1397 833 1454 vicissim
858 1399 918 1454 sine
948 1391 1212 1468 ipsorum'bostium
1239 1389 1292 1448 tuti
1310 1405 1343 1444 ac
1369 1389 1502 1443 immunes
1528 1395 1613 1458 sunt,
1631 1384 1659 1441 id
1688 1397 1746 1440 non

123 1463 230 1536 barride
249 1461 411 1533 violatione,
425 1480 481 1532 que
499 1467 636 1532 quondam
652 1463 777 1542 gentibus
794 1479 825 1528 ut
843 1483 917 1538 sequa
947 1463 1059 1526 aliunde
1076 1461 1256 1523 derivandum
1274 1469 1349 1530 puto,
1368 1473 1448 1528 quum
1474 1455 1545 1526 quod
1562 1467 1658 1540 gentes
1685 1469 1746 1520 1ηο·

121 1535 289 1605 placuerant.
308 1529 360 1604 lta,
378 1533 455 1588 verbi
472 1538 572 1608 gratia,
589 1553 651 1594 cum
669 1553 727 1596 non
749 1541 843 1598 omnis
861 1539 918 1594 sin·
947 1539 1071 1608 ratiores,
1087 1549 1178 1606 pacem
1195 1529 1266 1588 bello
1283 1525 1426 1598 multisque
1444 1525 1589 1598 triumphis
1607 1523 1746 1604 potiorem

121 1601 190 1676 gulis
207 1613 393 1674 suppeterent,
412 1621 461 1660 nec
478 1609 570 1662 omnis
598 1601 679 1665 ferret
705 1611 798 1663 omnia
817 1606 918 1678 tellus,
947 1605 1104 1680 judicantes,
1121 1605 1145 1660 si
1163 1601 1282 1659 honestis
1300 1598 1382 1669 possit
1402 1599 1468 1655 iniri
1487 1596 1669 1670 legissemus
1692 1591 1746 1650 Ob·

120 1677 273 1740 &siritii
283 1675 385 1744 iiiiii&
407 1687 489 1743 attile
513 1675 621 1734 utilitas
647 1679 807 1736 commercia
833 1677 918 1738 suasit
947 1677 1065 1738 tinendri
1083 1676 1235 1746 plerumque
1253 1689 1308 1728 non
1327 1667 1410 1724 aliam
1428 1686 1472 1726 ina
1492 1669 1515 1724 is
1543 1679 1636 1740 aptam
1664 1661 1742 1719 viam

120 1741 506 1828 imduntibusuc'outradiibus
533 1745 637 1818 plenius
653 1745 817 1807 ercolenda:
846 1749 918 1806 inter
947 1749 1114 1818 invenerint,
1131 1759 1212 1816 quain
1229 1744 1251 1800 si
1277 1740 1401 1798 admissis
1417 1757 1450 1795 er
1473 1684 1601 1794 liostium
1629 1747 1745 1790 numeru

120 1831 185 1888 quus
201 1825 396 1882 antiquissima
415 1816 569 1887 quidem&
587 1819 621 1876 ad
634 1817 838 1888 simplicitatem
854 1836 917 1889 pro-
948 1816 1097 1889 nonnullis,
1115 1827 1247 1884 tanquam
1266 1811 1378 1884 legatis,
1395 1811 1429 1868 de
1447 1807 1598 1866 reducenda
1628 1819 1745 1861 concor-

120 1889 193 1944 xime
209 1885 343 1942 accedens
371 1899 480 1954 apparet
507 1889 686 1956 permutatio.
704 1887 759 1946 Sed
780 1903 844 1944 cum
862 1905 917 1945 non
947 1889 993 1949 dia
1011 1890 1145 1960 novisque,
1158 1881 1299 1944 foederibus
1316 1879 1469 1966 pangendis
1489 1875 1651 1936 traiiarent.
1663 1872 1744 1958 ,Qum

236 1972 269 2012 ea
286 1953 366 2014 nobis
382 1969 472 2013 essent
488 1956 736 2030 nursinensis
754 1957 823 2016 alius
837 1958 917 2016 vicis-
947 1955 1111 2028 autemtale
1128 1971 1224 2014 munus
1242 1953 1385 2026 legationis
1402 1951 1472 2018 apud
1491 1947 1589 2024 hostes,
1605 1942 1671 2004 belli
1684 1959 1742 2014 pure
1814 1965 1817 1972 ·

119 2023 333 2098 simrndigebat,
342 2027 571 2112 emtioniccessit,
584 2027 734 2086 adinvento
743 2045 855 2088 nummo
872 2045 918 2086 scu
947 2029 1055 2099 quidvis
1072 2024 1207 2098 valentes,
1226 2041 1283 2081 non
1311 2018 1390 2078 saciie
1416 2033 1574 2089 quemquam
1604 2025 1743 2096 susceptu·

118 2108 264 2154 mm
280 2113 402 2165 imin&
418 2115 458 2153 1ss
475 2115 583 2167 <liliive
600 2095 667 2154 aliis
684 2097 842 2165 aestimante,
855 2099 873 2153 1.
895 2116 917 2154 ι.
948 2116 1017 2170 ium,
1035 2097 1151 2166 persuasi
1167 2108 1274 2165 essent,
1291 2091 1314 2149 si
1334 2109 1389 2148 non
1407 2093 1579 2148 securitatem
1595 2089 1622 2144 dr
1641 2093 1742 2141 tuitio-

115 2163 151 2236 θ’.
169 2166 202 2222 dr
217 2164 337 2223 samsai.
356 2165 483 2224 rmriom‘.
505 2167 536 2226 lii
554 2170 671 2242 gratiam
687 2167 786 2226 deinde
803 2184 917 2240 eorum,
948 2187 1011 2226 nem
1029 2171 1053 2225 is
1069 2167 1122 2224 sibi
1141 2169 1171 2225 in
1189 2165 1316 2225 adeundo
1333 2179 1364 2218 ac
1392 2161 1540 2218 recedendo
1557 2171 1662 2228 sperare
1681 2169 1743 2220 pos·

118 2235 214 2308 quibus
236 2239 353 2306 pretium
368 2239 485 2294 ciritioni
503 2255 593 2296 rerum
610 2235 745 2298 sufficiens
762 2239 918 2309 deerar,in·
947 2251 986 2298 set
1006 2257 1037 2296 ac
1055 2236 1197 2310 polliceris
1217 2235 1342 2306 expedire
1359 2231 1412 2288 sibi
1435 2240 1605 2300 censuerunt,
1625 2223 1744 2308 hostium

105 2303 249 2369 ‚eristen
268 2305 378 2378 locatio,
392 2321 424 2364 ut
441 2305 547 2366 modica
564 2311 677 2379 pecunia
691 2325 780 2366 rerum
791 2305 845 2364 sibi
862 2308 918 2366 uti·
949 2327 1056 2381 quoque
1074 2309 1170 2382 legatis
1189 2303 1378 2362 inviolabilem
1394 2301 1465 2370 apud
1482 2321 1511 2360 se
1536 2297 1682 2356 concedere
1700 2311 1745 2350 iri·

117 2375 189 2435 lium
202 2377 403 2446 temporarium
417 2393 544 2446 pararent
562 2393 646 2438 usum.
657 2375 738 2462 Quod
753 2382 775 2435 si
790 2395 838 2436 nec
854 2390 918 2450 tan·
948 2380 1144 2450 columitatem,
1164 2381 1191 2438 ἃ
1210 2379 1249 2432 ita
1266 2371 1487 2432 caduceatoribus
1514 2371 1543 2426 in
1562 2366 1634 2426 bello
1651 2379 1746 2434 pacem
1812 2398 1814 2404 ·

122 2458 183 2531 turn
200 2465 250 2516 sup
267 2457 365 2530 'terem
377 2447 449 2520 unde
467 2465 566 2508 merces
582 2446 865 2517 constituereturrrel
883 2449 918 2508 ad
948 2445 1050 2510 sarcre:
1065 2448 1161 2520 quibus
1177 2461 1342 2515 consequens
1359 2455 1411 2527 est,
1420 2454 1451 2499 ut
1468 2445 1496 2502 dr
1514 2443 1586 2511 ipsos
1601 2439 1675 2494 inter
1695 2433 1746 2490 ho·

116 2518 236 2584 nliorurn
266 2515 453 2578 iberalitatem
469 2523 591 2590 gratuito
601 2519 752 2590 impetrato
770 2535 859 2578 rerum
886 2536 918 2575 u·
950 2536 1003 2581 stes
1022 2520 1152 2580 saubiitas
1169 2516 1264 2591 legatis
1292 2533 1349 2574 non
1375 2512 1502 2584 alrunde,
1522 2527 1604 2580 quain
1630 2523 1663 2563 ex
1694 2502 1747 2584 lide

45 2646 51 2654 .
116 2606 171 2661 ⁸¹¹2
191 2588 387 2648 ffflfffldum
416 2583 469 2646 fiiit
489 2606 499 2656 i
517 2589 589 2647 unde
614 2591 811 2648 conunodatuin
838 2601 918 2656 atque
946 2593 1012 2651 data
1031 2611 1064 2650 ac
1082 2589 1211 2660 promissa
1229 2587 1383 2656 securitate,
1400 2585 1518 2650 adeoque
1538 2597 1627 2637 rursus
1642 2591 1676 2634 ex
1702 2591 1747 2646 Ju-

117 2660 274 2788 ffiecarinm
292 2659 428 2733 originem
454 2672 612 2718 traxerunt:
632 2659 675 2718 vel
690 2659 864 2730 comparandi
887 2675 917 2714 a·
948 2682 977 2722 re
996 2658 1114 2720 natm-uli
1141 2662 1254 2732 petenda
1282 2674 1314 2712 ac
1341 2653 1509 2714 defendenda
1537 2653 1583 2707 sit.
1605 2646 1684 2706 Unde
1714 2648 1761 2716 δι,

132 2728 213 2798 'orie
232 2721 308 2788 luere
333 2728 450 2800 nummi,
468 2730 498 2784 in
523 2747 614 2788 rerum
641 2733 848 2788 necessariarum
861 2744 918 2790 em·
948 2747 1049 2790 novum
1067 2748 1122 2790 non
1141 2742 1195 2800 est,
1214 2747 1263 2786 nec
1283 2726 1383 2782 rationi
1412 2721 1498 2794 jurive
1516 2722 1675 2787 adversum,
1693 2727 1744 2798 iiis

115 2803 224 2860 tionem
251 2791 494 2858 coadiutoremve
511 2801 635 2872 deinceps
652 2800 844 2868 impendendi:
865 2816 917 2857 un·
948 2805 994 2874 qui
1016 2802 1129 2861 necdum
1146 2800 1200 2859 sibi
1219 2792 1310 2870 paoem
1322 2795 1470 2854 conducere
1487 2789 1683 2862 opinabantur,
1700 2801 1745 2842 in-

113 2871 151 2929 de
177 2882 430 2951 mutuumtnatum
454 2881 512 2928 est.
530 2871 573 2929 ne
601 2889 637 2929 ne
662 2871 781 2930 creditor
806 2869 918 2930 interim
947 2873 1051 2934 eidiosa
1070 2870 1209 2941 infidaque
1225 2871 1287 2938 paci
1305 2864 1405 2924 bellum
1432 2860 1621 2936 preferentes,
1640 2857 1684 2915 vel
1700 2871 1747 2916 cos

115 2942 152 3000 ile
169 2952 247 2998 sorte
266 2937 480 3023 periclitaretur,
508 2960 550 3000 res
568 2941 635 3000 alias
661 2939 811 3001 securitatis
837 2955 917 2996 causa
951 2941 1001 3002 'am
1018 2945 1112 3000 missos
1130 2939 1300 3013 repellerent,
1319 2933 1361 2994 vel
1378 2936 1588 3000 denunciarent,
1608 2947 1642 2986 ne
1660 2927 1743 2985 adse

111 3029 206 3080 iuqiie
231 3010 274 3092 acl
295 3023 384 3066 mum
410 3013 609 3092 restitutionem
633 3014 659 3069 ei
686 3012 805 3068 vicissim
831 3009 917 3081 tradi,
947 2962 1029 3087 legati
1047 3012 1229 3081 mitterentur,
1248 3009 1287 3065 ali
1344 3008 1372 3062 in
1390 3024 1435 3064 eos
1459 3003 1578 3061 hostium
1597 3002 1657 3057 loco
1676 2994 1745 3068 fore,

112 3096 230 3150 nquum
246 3095 356 3143 Vltimi
374 3081 444 3146 qisod
461 3083 580 3155 pignoris
597 3079 780 3139 conventione
799 3079 916 3138 interve-
947 3098 978 3143 ut
995 3081 1116 3154 pluribus
1140 3078 1284 3138 confirmat
1332 3079 1418 3134 votius
1429 3073 1467 3131 ·de
1479 3077 1548 3146 ,juve
1565 3071 1626 3128 beru
1645 3089 1679 3126 ac
1694 3082 1746 3136 pa-

113 3153 221 3210 rtiente
240 3141 349 3204 nuum
364 3146 417 3206 Sed
435 3151 542 3222 ducum
561 3170 617 3210 non
635 3168 730 3208 omnes
749 3153 786 3210 ad
803 3166 853 3208 sua
870 3167 917 3220 ge·
946 3156 983 3212 cis
1002 3152 1046 3212 lib.
1065 3167 1091 3210 a.
1111 3167 1167 3222 cap.
1198 3149 1238 3208 is.
1267 3168 1341 3207 num.
1370 3143 1397 3205 5.
1427 3145 1460 3208 tr
1487 3145 1513 3203 5.
1534 3140 1573 3200 ii't
1598 3157 1660 3199 cum
1685 3153 1744 3194 non

110 3219 207 3278 tenda
229 3213 520 3303 velasservandaapti
537 3235 586 3282 aut
603 3221 735 3293 proclives
747 3231 845 3290 essent,
853 3231 916 3276 ata·
947 3241 1009 3284 eam
1026 3242 1043 3280 a
1063 3222 1072 3279 l
1105 3223 1158 3280 atis
1175 3221 1323 3280 utilitatem
1340 3231 1483 3288 speremus,
1501 3233 1551 3272 nec
1569 3211 1682 3283 proinde
1710 3205 1745 3264 h·

106 3301 153 3366 se,
167 3287 314 3376 ,absentie
328 3293 554 3374 pqrgnnatione,
572 3311 649 3351 serus
667 3290 848 3360 verecundie,
865 3291 916 3344 im·
946 3295 1007 3354 dem
1025 3296 1060 3350 iis
1130 3292 1239 3363 erimus,
1256 3291 1361 3361 quoties
1379 3306 1424 3344 eos
1443 3302 1500 3342 non
1517 3283 1552 3341 ad
1570 3301 1628 3352 nos,
1644 3280 1691 3340 sed
1708 3278 1747 3336 ad

113 3373 230 3430 Penius
250 3357 354 3416 dffldii
371 3361 625 3430 intervenientibus,
642 3361 721 3422 alteri
738 3379 769 3422 ea
787 3360 918 3418 mandato
948 3365 1033 3424 hostis
1052 3365 1138 3421 nostri
1156 3365 1256 3420 amicos
1273 3377 1306 3415 ac
1322 3354 1519 3416 confoedcratos
1538 3351 1573 3409 ab
1592 3351 1672 3410 hoste
1691 3366 1745 3406 no-

114 3429 161 3490 vel
177 3430 307 3513 deposito
322 3434 458 3487 committi
476 3431 585 3502 placuit.
595 3430 678 3506 Quod
694 3435 718 3492 si
735 3431 784 3488 soli
801 3449 835 3488 ne
852 3431 918 3489 otiis
946 3449 1004 3494 stro
1020 3434 1114 3492 missos
1131 3430 1363 3504 deprehendimus,
1380 3426 1457 3483 nullo
1475 3441 1579 3495 qnoque
1598 3418 1658 3491 jure
1675 3419 1748 3492 talea

111 3499 296 3572 expediendis
313 3517 390 3571 pares
407 3519 463 3558 nun
482 3505 648 3577 viderentur,
667 3503 791 3560 assumtis
808 3447 855 3572 ad]

111 3569 201 3642 ribus,
217 3571 381 3630 societatem
397 3573 519 3644 iniri&
554 3576 644 3631 atritis
660 3574 746 3648 operis
765 3587 823 3630 rem
840 3572 916 3646 geri,
946 3593 1016 3645 tem,-
1033 3574 1081 3636 secl
1099 3569 1164 3633 belli
1183 3569 1241 3644 J'ura
1258 3571 1446 3640 captivitatem
1464 3583 1497 3624 ue
1516 3561 1743 3634 aequesubiieco-

110 3654 255 3726 imum
274 3636 338 3726 suli·
350 3639 402 3700 His
418 3645 501 3716 igitur
517 3594 630 3714 iiii-ique
647 3642 779 3700 similibus
797 3658 917 3700 mulin·
940 3653 945 3664 '
963 3645 1028 3709 endi
1047 3655 1138 3715 erunt,
1147 3659 1179 3700 ac
1196 3639 1310 3713 quilibet
1327 3638 1391 3710 alii,
1402 3585 1479 3694 nullo
1496 3627 1743 3715 legationistitulo

103 3723 227 3769 tionum
244 3708 384 3782 speciebus
401 3729 463 3771 cum
485 3711 675 3774 subveniretur
701 3729 783 3782 quain
800 3714 918 3770 nuxime
947 3719 1078 3790 insignes,
1098 3711 1248 3772 Grotiusd.
1263 3710 1313 3768 lib.
1332 3727 1357 3767 a.
1377 3723 1434 3778 cap.
1448 3703 1487 3764 iii.
1498 3726 1574 3762 nain.
1593 3701 1620 3757 5.
1638 3695 1747 3756 mmed.

111 3783 277 3866 iridigentiae
295 3799 388 3868 rerum
404 3781 532 3855 plurium,
549 3803 601 3855 qua
619 3783 706 3856 plures
733 3782 917 3848 laborabant3
986 3801 1027 3862 ¹9·
1043 3785 1125 3861 Quod
1142 3785 1165 3839 si
1183 3793 1279 3841 contra
1296 3779 1372 3842 redis
1391 3777 1509 3834 rationis
1523 3771 1660 3854 diiiimffi
1678 3783 1749 3854 gen-

112 3868 176 3936 non
192 3869 298 3909 mirum
318 3848 391 3926 fuit,
408 3867 517 3926 gentem
535 3871 769 3926 unamquamque,
786 3869 840 3923 quo
859 3850 917 3911 cul-
943 3872 988 3917 .tes
1004 3876 1054 3916 usu
1070 3857 1190 3928 quedam
1206 3853 1419 3920 introduxerint,
1436 3863 1492 3903 non
1511 3862 1542 3902 ea
1561 3858 1603 3914 Jus
1638 3849 1747 3922 entium
1826 3875 1832 3882 ·

111 3935 172 3978 tior
189 3939 247 3981 esse
267 3921 502 3995 desiderabamus
519 3944 622 3997 quoque
639 3927 724 4001 magis
741 3941 819 3983 nium
836 3925 866 3978 in
884 3941 917 3981 u·
947 3923 1366 3998 reuediieris,sei1pessimiin
1384 3919 1474 3990 potius
1501 3929 1608 3992 morum
1666 3925 1759 3966 niani-

111 4009 173 4074 ,mm
191 3993 454 4069 easiniroduxuse,
472 3993 517 4054 vel
532 3999 668 4058 adnunsse
685 3995 789 4068 populis
805 3993 840 4051 ab
857 3993 919 4051 aliis
947 4000 1052 4073 generis
1066 3994 1254 4062 corruptelam.
1266 3992 1358 4062 sitque
1377 3988 1442 4045 hinc
1459 3998 1510 4057 est,
1519 3985 1589 4056 quod
1606 3981 1747 4042 iuriscon-

111 4079 170 4134 μω
188 4075 259 4122 ante
277 4065 513 4138 invenissetque
531 4071 591 4126 insu
609 4086 637 4126 er
665 4061 844 4138 peculiaribus
861 4081 918 4120 non
947 4068 1013 4126 sulti
1028 4067 1166 4138 nostri,in
1181 4065 1238 4138 ipso
1259 4059 1313 4123 'irre
1326 4062 1449 4133 gentium
1465 4065 1748 4113 concurrentemcum

105 4150 177 4218 raro
193 4132 303 4220 legibus
320 4139 474 4220 cirmnucr'
508 4139 515 4152 '
559 4181 566 4196 .
606 4151 771 4210 equetamen
785 4133 835 4194 ulii
869 4151 918 4193 eti-
947 4157 997 4198 usu
1016 4139 1152 4196 rationem
1170 4079 1384 4212 considerantes,
1397 4146 1430 4187 ea
1448 4143 1560 4212 quoque,
1573 4122 1648 4180 velut
1666 4139 1683 4178 ²
1701 4137 1746 4208 rt,-
1841 4145 1854 4153 ·

110 4216 137 4261 ti
156 4218 271 4290 mione
288 4207 448 4280 intrmaeca,
465 4156 662 4269 ffinestue
680 4208 723 4266 vel
749 4153 919 4278 turpitudine
947 4207 991 4268 &a
1009 4211 1117 4266 ratione
1134 4201 1264 4280 profefla,
1276 4201 1337 4278 juri,
1348 4196 1469 4258 naturali
1486 4198 1621 4255 duxerunt
1640 4193 1749 4252 adscri-

107 4278 250 4363 deuimta,
261 4279 393 4361 imposita
405 4275 464 4337 suit
481 4277 615 4365 obligatio
631 4275 787 4338 contraibis
803 4272 871 4334 tales
888 4293 918 4332 a·
948 4279 1046 4351 bench,
1064 4295 1120 4351 qun
1138 4277 1244 4352 proprie
1263 4273 1330 4346 juris
1346 4269 1467 4346 gentium
1483 4263 1637 4324 secundarii
1656 4273 1747 4330 erantr

111 4347 158 4405 liis
175 4363 243 4428 cium
261 4345 392 4431 gentibus
408 4350 568 4417 exercendir
586 4368 635 4410 nec
653 4367 762 4421 peccare
779 4345 917 4420 censendi,
949 4352 979 4408 in
996 4362 1138 4421 quantum,
1155 4367 1204 4406 usu
1222 4347 1420 4417 presuppusito,
1436 4338 1611 4406 humisine
1629 4335 1750 4392 miii*

108 4431 159 4478 aut
176 4421 294 4490 nmitie
312 4425 451 4491 preceptis
468 4415 599 4493 refragari
626 4426 672 4493 qui
689 4419 852 4480 commercia
869 4433 917 4486 po-
947 4421 1060 4494 catibuc,
1077 4419 1132 4479 hec
1149 4418 1186 4477 ab
1202 4419 1328 4488 equitate
1344 4417 1372 4473 dr
1390 4409 1497 4469 ratione
1515 4407 1683 4465 ratiocinata
1700 4399 1746 4474 (ut

100 4488 181 4576 pulis
199 4489 307 4574 exteris
326 4491 549 4562 interdicuntin
567 4461 623 4550 solo
642 4510 709 4558 suoi
736 4503 816 4561 atque
844 4487 918 4552 inter
947 4487 1037 4562 aiunt)
1055 4487 1219 4549 videbantur
1236 4485 1349 4547 diunt:
1368 4480 1469 4554 quales,
1482 4477 1560 4564 Ytibi
1577 4477 1676 4563 zmilis
1686 4469 1746 4558 fiii·

107 4577 182 4632 ipsos
192 4579 274 4619 cives
290 4561 523 4632 suosquasdim'
601 4561 668 4620 bant
688 4573 833 4632 vetantque
850 4573 917 4616 con-
947 4574 1036 4619 torum
1049 4558 1245 4631 prohibitiones
1264 4557 1449 4615 dominiorum
1465 4543 1746 4613 distrndiionesaha·

99 4627 258 4691 nanuum
280 4632 400 4705 species,
418 4634 553 4702 quotiesi
629 4631 736 4690 civibus
764 4632 818 4689 suis
845 4627 918 4691 hand
965 4649 998 4691 ue
1015 4631 1093 4703 plura
1122 4628 1160 4700 gi.
1185 4647 1208 4687 ι.
1227 4597 1318 4685 lincis.
1337 4624 1369 4682 de
1388 4621 1613 4699 obligauerunt
1630 4614 1745 4686 dirim,

106 4703 245 4775 expedire
264 4703 384 4770 persuasi
401 4717 482 4762 sunt:
502 4721 560 4762 non
589 4705 683 4778 magis,
710 4717 792 4772 quam
818 4706 918 4762 nostris
947 4649 1011 4759 li.
1030 4698 1064 4773 ff.
1083 4671 1114 4758 de
1133 4701 1233 4773 acquir.
1252 4721 1300 4757 m.
1319 4694 1417 4752 domin.
1432 4693 1470 4762 ri.
1490 4689 1650 4764 singulorum
1683 4699 1724 4743 ii.
1735 4723 1747 4756 ,

14 4793 19 4810 ·
104 4775 140 4836 dr
156 4771 315 4832 multorum
332 4771 450 4832 aliorum
465 4775 585 4836 moribus
604 4771 785 4851 injustitiam
802 4769 918 4834 incurri·
947 4771 981 4840 is
1001 4769 1040 4845 ff.
1061 4785 1102 4838 ιι.
1122 4771 1214 4838 Imrr'r.
1232 4767 1265 4830 dr
1281 4787 1332 4830 rer.
1351 4763 1428 4826 idcir.

183 4847 253 4905 Vm
275 4844 317 4902 ad
331 4843 459 4908 Pandecr.
480 4847 551 4908 Tam.
569 4846 592 4904 L
1033 4915 1037 4923 ι
1444 4845 1464 4900 2

856 3515 917 3560 uto·
946 3507 1119 3565 securitatem
1136 3520 1153 3559 a
1172 3502 1250 3560 nobis
1266 3498 1466 3570 erpeuaveiint
1489 3507 1536 3552 aut
1566 3493 1748 3550 incolumita-
1830 3535 1833 3544 .
