4022 5354
240 209 316 282 aio
849 212 1006 280 liniri.
1034 213 1096 279 uir.
1122 213 1174 278 W.
1258 223 1262 230 ·

196 302 330 369 tillonem
356 302 391 368 de
407 319 485 368 servu
512 318 639 376 corrupto
655 315 750 362 contra
768 302 845 362 bona
869 303 930 362 fidei
948 321 1009 374 pos·
1041 301 1092 358 obli
1108 303 1167 384 3&
1184 303 1238 362 au.
1258 302 1284 358 d.
1305 304 1320 360 l.
1342 301 1381 360 ad
1395 321 1428 358 ea
1449 297 1507 388 1575
1520 299 1558 374 4.
1575 299 1607 360 de
1625 321 1676 378 reg.
1689 300 1750 376 jur.
1769 296 1859 362 taes

195 391 322 464 §crearem
341 391 395 432 non
413 376 519 502 daumii.
537 395 564 461 ²1.
591 373 618 451 4.
641 395 664 437 ι.
686 373 723 445 4.
742 373 774 430 de
791 396 864 432 servo
881 388 1015 444 corrupto,
1043 323 1192 434 Dffloedl
1210 375 1289 502 ινὲιρἷ
1308 373 1340 430 de
1357 377 1406 448 lege
1418 373 1518 502 ἆρἑἕί.
1542 389 1600 502 [ἕρ.
1622 391 1662 429 ιο.
1680 390 1737 457 pag·
1756 371 1800 442 46.
1820 381 1858 434 im

195 443 475 600 ldlailfiiitoteeit'seiliiies
485 464 564 574 rloldn
564 468 647 578 cglrlill
662 446 1014 598 ‹irretarffisesgoffisnpgssggai
1035 444 1150 572 liilntlulsl
1158 447 1550 600 s,5,{}„‚ll,ll„ll,u1l}nl,qalngoeiql3l
1572 461 1639 571 alivnee
1648 446 1773 571 tiiiimxiii1⁵
1777 463 1855 585 pirolis:
1914 477 1924 490 κ

200 587 264 644 fider
291 603 480 659 porsennam,
505 588 622 650 durante
647 537 720 644 iona
748 585 799 644 ilde
826 589 855 646 dt
883 590 1014 654 oprnione
1042 600 1148 662 agatur,
1165 585 1265 647 diretta
1283 592 1363 668 perit,
1377 587 1394 642 l.
1415 605 1445 660 tn,
1459 583 1559 669 delecter
1576 578 1637 668 44.
1651 605 1713 643 cum
1730 584 1854 670 dorninm
1895 653 1908 665 „

201 656 271 735 quod
290 675 320 714 re
335 675 382 714 sua
396 656 537 728 unctu,
556 676 612 716 non
631 659 713 716 cadit.
934 684 940 696 ·
992 725 998 738 ,
1042 673 1067 712 2.
1079 658 1113 727 ff.
1133 674 1153 712 r.
1174 676 1223 714 nec
1241 657 1403 715 contr-adini
1424 653 1553 739 Ulpianus
1578 677 1607 712 m
1623 654 1651 712 d.
1670 657 1735 710 l..2.
1754 657 1868 726 rufine.

259 768 265 780 ·
328 747 344 786 ιι
388 744 467 786 einen
484 746 560 788 casus
605 750 632 787 ur
653 748 683 785 us
718 745 825 785 ominus
843 743 919 782 noxae
955 743 1013 779 et·
1065 767 1072 780 .
1110 743 1154 783 .t.
1193 745 1240 784 um
1256 746 1283 783 at
1353 747 1376 782 cr
1391 741 1463 796 posse
1479 744 1565 784 ettam
1581 747 1650 784 retur
1667 747 1770 782 nonum
1787 749 1851 784 cum

240 723 387 797 7Sutt
561 730 771 804 ,q'bd'
937 723 1191 797 ddffbd
1276 726 1376 798 'qu'
1645 730 1650 741 '
1734 728 1739 741 ‘

106 840 114 846 .
203 796 280 858 tione
297 795 407 869 defungi
426 803 528 869 nequit,
545 800 592 856 sed
610 814 698 856 totum
715 797 1013 856 teneturdatnnumre·
1042 797 1147 854 dornino
1165 803 1208 872 agi
1224 813 1296 868 porse
1313 801 1403 854 noxali
1414 795 1539 866 422Ᾰί42,-
1565 816 1595 854 ru
1620 795 1690 868 quod
1711 795 1786 855 datur
1804 802 1849 854 A·

114 3824 116 3828 ·
209 3810 235 3866 h.
255 3829 274 3865 r.
295 3809 349 3876 Sea
366 3818 404 3884 dt,
422 3817 446 3872 si
463 3808 548 3884 jussus
565 3814 670 3871 domini
688 3819 861 3876 intervenisse
889 3827 1021 3882 propone·
1049 3813 1159 3874 iberita

204 883 307 936 parare,
325 867 410 925 veluti
426 870 449 924 si
466 869 529 925 dolo
548 870 619 926 malo
636 870 762 929 dominus
779 881 885 924 servum
897 865 1014 933 posside-
1042 870 1129 937 quilia
1147 875 1272 925 adnisus
1289 865 1436 936 dominnm,
1461 885 1513 922 non
1537 886 1642 924 sernum
1667 887 1779 937 cremer,
1805 869 1854 923 sed

205 955 234 995 re
250 939 371 1010 desierit,
397 951 428 995 ut
453 953 517 996 ante
534 937 652 996 ditium:
678 941 702 993 si
719 953 825 996 servum
849 951 925 991 suurn
949 952 1014 1004 esse,
1043 937 1179 994 dominnm
1197 955 1290 997 oneret.
1309 934 1422 996 iitenim
1438 939 1465 995 dr
1491 937 1540 996 ltoc
1567 951 1610 996 sat
1629 955 1718 1065 &rave
1744 942 1850 998 dorrsini

205 1005 248 1062 vel
267 1025 294 1064 se
312 1009 468 1078 possidere,
487 1026 533 1078 per
549 1011 719 1082 mendacium
737 1008 894 1076 negaverit,
916 1004 934 1059 l.
952 1025 1014 1075 qoo-
1043 1027 1111 1064 onus
1127 1021 1177 1080 est,
1195 1011 1266 1080 quod
1290 1008 1411 1078 pluribus
1438 1005 1591 1066 autoribus
1612 1027 1631 1064 a
1656 1013 1710 1064 oris
1737 1010 1857 1068 arbitrio

205 1080 272 1131 aiem
291 1095 335 1132 2ι.
353 1071 380 1152 4.
395 1094 487 1148 prator
504 1079 544 1133 ait
562 1097 588 1134 2.
601 1079 638 1148 ff.
656 1079 681 1135 i.
698 1095 719 1135 r.
747 1079 764 1134 l.
787 1097 808 1133 1.
828 1072 854 1149 4.
882 1074 1016 1132 interdum
1043 1081 1182 1150 conveniri
1201 1082 1294 1152 possit,
1310 1085 1361 1138 etsi
1377 1077 1508 1138 electione
1526 1082 1605 1138 onitu
1630 1077 1717 1138 altera
1742 1095 1859 1150 pereat.·

211 1145 254 1202 15.
268 1144 305 1216 4.
324 1151 349 1204 si
367 1147 493 1221 quadmp.
508 1163 584 1218 paup.
596 1147 651 1222 fic.
682 1166 736 1218 quo
760 1161 854 1204 tamen
878 1163 941 1202 casu
968 1161 1016 1202 nec
1043 1146 1203 1218 Firmaque
1214 1149 1282 1206 hanc
1293 1151 1357 1222 legis
1366 1151 1539 1222 nocentiam,
1559 1151 1640 1221 quod,
1658 1149 1769 1212 acuon
1783 1151 1855 1210 Pau-

213 1215 307 1279 heredi
324 1237 374 1276 nec
393 1220 424 1276 in
447 1217 572 1276 heredem
589 1238 622 1277 ex
641 1220 783 1278 mendacio
809 1213 882 1272 aiiio
899 1218 958 1284 est}
988 1217 1014 1272 δι
1045 1218 1085 1291 lo,
1098 1222 1126 1280 dr
1145 1221 1239 1278 eodem
1258 1219 1385 1289 Ulpiano,
1404 1220 1434 1274 in
1452 1222 1603 1290 dominum,
1632 1223 1678 1290 qui
1705 1224 1793 1295 scivit,
1822 1242 1856 1280 ac

209 1290 373 1354 paenitentia
390 1288 463 1347 locus
482 1291 615 1364 usquead
633 1290 710 1349 litem
727 1297 920 1356 contestatam,
938 1285 1016 1340 teu-
1044 1303 1139 1345 contra
1175 1308 1235 1349 uena
1252 1289 1344 1348 noxali
1365 1285 1462 1354 iudicio
1479 1288 1569 1348 adium
1594 1303 1644 1360 ast,
1669 1293 1783 1361 amplius
1810 1296 1855 1351 di·

207 1359 260 1414 uio
277 1353 321 1415 2⁸6.
340 1359 377 1426 4.
396 1377 453 1428 pen.
465 1361 504 1429 ff.
524 1357 549 1414 b.
568 1376 588 1414 r.
608 1363 630 1416 si
647 1361 842 1418 condemnatus
864 1355 1016 1436 quadrune·
1046 1357 1116 1417 reela
1135 1311 1207 1420 adio
1224 1359 1342 1419 detraiia
1362 1378 1436 1417 noxe
1453 1361 1590 1418 deditione
1606 1363 1696 1419 danda
1724 1379 1778 1419 non
1807 1367 1854 1434 sit,

206 1442 259 1484 stre
278 1433 394 1498 spatium
410 1432 597 1490 condemnatis
615 1430 752 1488 indultum
768 1426 839 1485 elabi
859 1437 1016 1494 persuasu,
1047 1431 1062 1484 i.
1083 1431 1110 1484 in
1128 1429 1228 1487 delictis
1246 1430 1279 1498 4,
1292 1431 1328 1500 4.
1347 1433 1393 1488 alr.
1405 1429 1443 1503 ff
1459 1429 1514 1486 brt.
1533 1445 1612 1500 atque¹
1630 1437 1745 1503 insuper,
1763 1436 1786 1488 si
1805 1437 1857 1492 clo·

207 1499 225 1552 l.
246 1500 311 1555 irem
328 1502 436 1557 venunt
454 1517 498 1556 2ο.
516 1499 553 1568 4.
573 1503 644 1558 idem
662 1503 729 1557 relic
748 1503 788 1556 ait
805 1498 830 1554 5.
842 1493 880 1568 ff.
899 1495 931 1550 dr
945 1497 1016 1562 poit-
1045 1505 1143 1570 minus,
1161 1518 1215 1574 quo
1232 1505 1334 1560 sciente
1351 1513 1491 1569 peccatum
1500 1513 1549 1572 est,
1576 1519 1682 1560 servum
1700 1517 1855 1571 peccantem

208 1567 297 1627 breed.
314 1577 337 1626 si
354 1588 445 1628 servus
472 1586 530 1638 post
548 1569 624 1626 litem
652 1582 832 1627 contestatam
851 1567 884 1622 ab
902 1559 956 1619 alio
972 1583 1017 1620 oc·
1046 1571 1220 1642 alienaverit,
1239 1577 1327 1644 sicque
1344 1585 1404 1626 cum
1427 1585 1529 1628 emtore
1556 1571 1648 1628 noxali
1666 1570 1745 1632 fuerit
1764 1574 1862 1634 ailant·

209 1645 279 1695 cirus
296 1641 352 1709 rit,
370 1657 419 1696 nec
436 1642 561 1698 dominus
578 1641 644 1700 velit
660 1642 786 1698 adversus
801 1637 968 1694 condentem
988 1651 1017 1689 a·
1048 1637 1166 1712 judicio,
1184 1646 1323 1698 conveniri
1342 1640 1456 1708 arnplius
1473 1643 1600 1700 venditor
1619 1657 1676 1697 non
1708 1648 1809 1714 possit,
1838 1647 1857 1702 l.

215 1707 323 1772 &iones
348 1711 458 1780 cedere,
487 1715 504 1766 l.
527 1729 549 1768 ι.
567 1705 594 1785 4
612 1727 669 1781 pen.
696 1707 727 1779 4
750 1715 773 1765 si
799 1705 1017 1780 quadrimestre·
1046 1712 1146 1767 noxalis
1165 1728 1257 1768 erstem
1276 1727 1301 1783 7.
1320 1709 1357 1780 4.
1380 1727 1401 1764 ι.
1419 1705 1451 1776 4
1469 1711 1494 1766 b.
1512 1727 1531 1766 t.
1550 1713 1658 1780 Aliter,
1682 1729 1762 1782 quam
1781 1715 1859 1773 obria

206 1775 262 1851 fec.
281 1785 304 1834 ai
320 1797 411 1837 servus
429 1779 567 1849 publicani
578 1786 606 1837 in
625 1779 803 1854 vediigalibus
819 1780 864 1836 exi
882 1777 959 1834 endis
975 1792 1018 1828 ra·
1048 1795 1113 1851 ner,
1131 1783 1153 1836 si
1171 1779 1288 1850 plurium
1307 1799 1398 1838 servus
1415 1779 1540 1838 omnibus
1556 1781 1702 1840 scientibus
1713 1785 1857 1858 deliquis-

209 1855 302 1916 pinaot
330 1850 477 1908 admittens
496 1867 552 1906 non
570 1851 749 1921 exhibeatur,
776 1852 795 1905 l.
820 1867 843 1904 ι.
865 1795 892 1923 4.
911 1845 959 1904 ult.
980 1841 1017 1915 4
1047 1865 1103 1906 set:
1122 1869 1183 1908 curn
1200 1855 1273 1906 enirn
1291 1851 1401 1919 perinde
1417 1861 1481 1906 tunc
1503 1852 1558 1922 sit,
1581 1869 1612 1908 ac
1629 1854 1653 1909 si
1670 1861 1710 1910 sin
1750 1855 1766 1910 li
1785 1855 1857 1914 deli-

208 1915 240 1972 ὠ
255 1917 387 1987 pnbucan.
407 1919 440 1982 iu
458 1920 575 1994 werigal.
593 1923 616 1978 si
640 1940 731 1980 servus
755 1921 889 1989 depositus
915 1916 1019 1995 deposi-¹
1047 1917 1119 1976 tium
1138 1935 1351 1991 perpetrassent,
1367 1919 1454 1976 alteru
1472 1936 1609 1980 convento
1626 1939 1657 1980 ac
1675 1927 1859 1998 sorenteal·
1912 1959 1919 1970 -

207 1991 280 2049 tario
306 1986 410 2047 fiotum
427 1987 539 2062 lecerit,
565 2004 613 2049 aut
631 1993 689 2065 quis
705 2003 818 2048 tertsurr.
833 2002 941 2046 servum
966 2000 1019 2046 emr
1049 2004 1091 2046 ter
1110 1990 1238 2048 liberatur
1257 2007 1312 2048 non
1330 1999 1392 2059 est,
1407 1989 1425 2043 i.
1445 1993 1469 2045 si
1484 1991 1600 2059 plurium
1618 1991 1643 2048 5.
1655 1991 1694 2064 4.
1717 1994 1741 2053 l.
1769 2013 1789 2052 t.
1809 2000 1836 2054 u
1848 2017 1864 2063 ,¹

210 2060 394 2128 enodaverit,
413 2063 441 2119 u
461 2065 483 2116 is
500 2073 591 2118 emttu
606 2063 777 2122 monisterio
796 2077 836 2116 res
854 2056 1019 2124 subduxerit,
1049 2062 1069 2116 si
1087 2076 1119 2116 ex
1138 2061 1242 2126 duobos
1259 2061 1379 2121 dominis
1397 2075 1452 2116 uno
1469 2056 1590 2132 sciente,
1608 2061 1695 2122 altero
1713 2073 1858 2138 ignorante

213 2127 276 2188 iicet
294 2129 430 2198 deponens
448 2130 490 2188 vel
508 2133 640 2190 mandans
658 2135 839 2206 ignoraverit,
856 2143 916 2186 etun
935 2122 1019 2182 furem
1048 2131 1319 2204 servusdeliquerit,
1336 2145 1367 2184 ac
1385 2143 1451 2187 ante
1468 2148 1530 2186 cum
1546 2149 1597 2207 ep,
1624 2137 1670 2202 qui
1698 2137 1862 2204 nesciebat,

93 2237 99 2248 .
209 2216 276 2268 esse,
294 2200 313 2261 l,
331 2202 355 2254 si
372 2221 460 2258 servus
479 2199 523 2258 61.
542 2195 568 2276 4.
588 2202 658 2274 quod
673 2199 775 2260 verni.
787 2198 824 2270 4.
840 2197 872 2254 de
883 2195 978 2272 furris,
997 2196 1019 2250 si
1048 2200 1137 2258 auum
1156 2207 1199 2268 sit,
1218 2199 1306 2258 adhuc
1324 2215 1386 2254 curu
1402 2205 1502 2257 sciente
1520 2203 1548 2256 in
1566 2202 1595 2277 id
1614 2205 1683 2272 quod
1713 2207 1785 2266 deest
1809 2209 1869 2278 agi.

118 2283 119 2294 ¹
209 2285 303 2326 servus
320 2273 427 2343 p'gnori
444 2271 577 2329 darnah
592 2289 641 2344 eo,
659 2279 703 2342 qui
723 2289 777 2326 non
797 2265 1021 2349 ignorabatneum
1049 2283 1151 2342 potest,
1182 2271 1199 2325 Ι.
1219 2273 1243 2327 si
1260 2271 1405 2326 cornmurris
1433 2282 1459 2348 9.
1479 2269 1496 2324 l.
1516 2275 1539 2326 si
1565 2292 1598 2327 ex
1624 2271 1722 2333 dnobus
1755 2289 1794 2347 ¹7·
1816 2275 1856 2349 pi}

214 2335 301 2394 fiuent
319 2358 383 2411 esse,
401 2343 527 2400 creditori
546 2361 588 2398 res
605 2347 741 2412 eripuerit,
760 2341 778 2394 i.
790 2343 813 2396 si
831 2359 919 2395 serunt
936 2331 1020 2404 soff.
1049 2341 1074 2400 4,
1092 2357 1114 2399 t,
1559 2357 1562 2364 ·

210 2405 242 2462 de
257 2411 351 2483 pigner.
370 2406 479 2484 altiore,
497 2417 519 2468 si
537 2413 707 2470 deminutae
725 2417 752 2466 in
772 2419 905 2478 potestate
913 2424 960 2467 sua
970 2405 1020 2462 ha·
1082 2408 1108 2467 ri.
1127 2408 1197 2470 Sunt
1215 2413 1244 2470 δι
1262 2430 1277 2467 e
1295 2422 1425 2468 converso
1442 2425 1539 2484 tuus,
1557 2411 1655 2482 quibua
1671 2414 1795 2470 dominus
1804 2433 1856 2473 nec

211 2477 274 2536 bere
293 2476 423 2552 fateatur,
440 2485 468 2541 dt
487 2501 541 2543 nec
554 2481 682 2541 exhibeat
706 2495 823 2551 servum,
849 2497 897 2534 nee
925 2476 1019 2534 absen·
1049 2483 1177 2541 damnum
1196 2499 1317 2552 reparare
1333 2486 1459 2552 cogitur,
1486 2499 1536 2538 nec
1554 2495 1661 2540 servum
1678 2495 1725 2540 aut
1752 2486 1858 2540 animal

211 2561 268 2608 teto
283 2547 420 2621 desendet,
439 2553 456 2606 i.
476 2554 499 2606 si
516 2571 603 2609 servus
621 2551 747 2621 dqsosirus
765 2563 808 2606 22.
826 2543 1019 2624 §deminuti
1049 2569 1126 2610 noxa
1144 2553 1227 2622 dare,
1244 2550 1346 2608 scilicet
1365 2551 1387 2606 si
1407 2549 1477 2606 bona
1497 2547 1548 2610 lide
1565 2567 1670 2610 servum
1693 2553 1865 2610 alienaverit·

208 2610 286 2694 ffb.
305 2637 324 2676 ¹·
342 2623 365 2676 ⁸5
383 2621 497 2681 d0¹1¹i¹²0
514 2619 634 2694 lubente,
652 2620 695 2678 vel
721 2620 823 2676 solome
851 2637 899 2677 nec
929 2616 1020 2685 troili·
1048 2621 1099 2690 aut,
1110 2623 1317 2690 manumisero,
1334 2634 1413 2688 prout
1431 2631 1496 2677 ante
1512 2618 1630 2690 diditun,
1647 2627 1669 2676 si
1687 2639 1734 2688 pro
1751 2624 1855 2680 dereli-

192 2691 302 2757 .bente‚
322 2707 385 2749 cum
403 2693 430 2750 id
447 2705 544 2766 posset,
562 2694 694 2752 damnum
711 2709 727 2746 a
745 2709 823 2746 servo
849 2691 943 2747 datum
963 2686 1020 2746 iue-
1048 2691 1093 2751 eto
1111 2692 1253 2761 habuerit,
1270 2693 1289 2746 l.
1304 2689 1532 2814 fuernadmodum
1545 2685 1587 2747 53.
1604 2693 1641 2760 4.
1675 2691 1794 2748 lutrano
1827 2710 1853 2748 1.

210 2763 258 2830 rit,
276 2777 337 2822 ctttn
356 2767 393 2818 ita
411 2762 518 2822 ducilis
537 2767 592 2834 ipsc
608 2761 756 2821 titionibus
774 2775 900 2818 teneatur
927 2760 1019 2828 ipen·
1043 2761 1081 2838 ff.
1099 2763 1123 2820 b.
1142 2779 1161 2818 t.
1180 2768 1202 2820 si
1221 2775 1286 2820 ante
1315 2767 1377 2818 itern
1394 2771 1573 2818 contestatam
1589 2761 1715 2820 doctrinas
1730 2773 1853 2817 mortuus

210 2831 239 2886 C.
259 2829 284 2886 i.
304 2845 325 2884 t.
344 2832 404 2888 lsi
430 2853 521 2892 seruus
547 2839 646 2891 scisma
667 2841 692 2888 2.
712 2833 728 2886 l.
748 2827 773 2886 5.
792 2829 818 2900 4.
829 2827 868 2901 4.
887 2828 912 2886 h.
931 2846 951 2886 r.
969 2831 1020 2885 etsi
1048 2841 1100 2902 sit,
1131 2844 1192 2888 cunr
1220 2845 1317 2888 contra
1342 2829 1452 2888 heredes
1480 2831 1551 2888 locus
1579 2849 1631 2889 non
1651 2839 1685 2888 sit
1710 2829 1853 2888 noualibus

210 2917 267 2956 non
285 2901 321 2956 sit
339 2903 458 2962 eundum
477 2901 591 2974 inficias,
609 2910 674 2974 quin
692 2905 820 2965 dominus
845 2917 893 2957 suo
910 2902 1021 2958 nomine
1048 2902 1218 2973 aiiiooibus,
1238 2901 1291 2956 nisi
1309 2914 1437 2974 qautenus
1455 2905 1588 2960 serviant
1615 2901 1756 2970 animalis,
1782 2902 1855 2970 quod

209 2966 320 3038 diredle
338 2970 439 3033 aelioni
458 2974 496 3029 sic
513 2972 649 3030 obnoxius
666 2973 797 3044 redditus,
815 2973 922 3040 insuper
933 2985 1020 3028 nota·
1049 2978 1160 3045 nocuit,
1178 2989 1336 3042 possessores
1353 2983 1415 3028 sunt
1458 2973 1478 3028 l.
1498 2973 1598 3029 nra-alis
1617 2989 1707 3029 autem
1725 2985 1760 3043 7.·
1773 2970 1866 3036 iunii:

213 3037 353 3109 lijudicio
370 3043 441 3098 servi
459 3044 500 3098 sui
518 3045 629 3100 nomine
645 3043 788 3099 conveniri
806 3045 898 3111 possit,
916 3053 945 3097 ut
965 3039 1021 3094 litis
1049 3048 1067 3102 i.
1085 3063 1141 3115 pen.
1160 3045 1197 3118 4.
1217 3043 1264 3106 ult.
1276 3037 1315 3113 4
1334 3041 1397 3102 ur.
1418 3012 1435 3096 i.
1460 3061 1482 3098 ι.
1509 3036 1534 3111 4.
1554 3042 1603 3099 ult.
1624 3040 1662 3114 ff.
1690 3046 1713 3098 si
1731 3042 1858 3114 quadran.

209 3111 416 3186 estimationem
435 3125 548 3182 prestet,
565 3125 612 3168 aut
629 3129 734 3173 servum
753 3128 831 3169 suum
859 3127 935 3189 noua
953 3111 1020 3168 ciet:
1045 3129 1122 3185 paup,
1140 3112 1233 3178 »fecisse
1250 3111 1300 3168 dic.
1319 3118 1341 3180 si
1358 3111 1394 3168 ad
1411 3127 1493 3182 eum,
1518 3116 1563 3169 cui
1587 3115 1708 3182 nocituro
1726 3126 1784 3182 est,
1802 3131 1857 3167 ser-

209 3185 272 3237 sive·
284 3183 400 3252 iusserit,
419 3193 448 3238 ut
466 3199 556 3240 servus
573 3179 722 3253 delinquat,
739 3183 796 3239 sire
822 3198 880 3237 non
907 3181 1020 3250 iusserit,
1050 3205 1096 3244 vus
1113 3198 1177 3243 ante
1193 3182 1271 3240 litem
1288 3195 1469 3242 contestatam
1485 3185 1647 3251 pervenerit:
1664 3201 1738 3242 secus
1757 3187 1777 3239 si
1804 3195 1864 3251 ost,

199 3249 257 3311 aad
275 3265 336 3308 curn
354 3265 452 3321 posset,
469 3269 525 3308 nun
544 3250 719 3322 prohibuerit.
749 3249 904 3314 Eretriensi
922 3249 1021 3306 solum-
1050 3257 1067 3312 l.
1087 3261 1109 3312 si
1127 3255 1230 3311 aliems
1249 3247 1292 3322 37.
1308 3249 1342 3322 4.
1361 3250 1385 3307 b.
1404 3268 1423 3310 t.
1442 3247 1468 3326 4.
1488 3257 1512 3310 ti
1529 3273 1619 3311 servus
1635 3252 1662 3311 6.
1694 3253 1762 3308 lnsr.
1788 3202 1816 3309 i
1836 3271 1857 3307 r.

212 3319 554 3391 ”1040120sspfflhibuerit
583 3337 645 3379 tum
674 3321 699 3380 id
727 3335 823 3393 posset,
848 3319 1020 3378 manifestum
1048 3332 1104 3383 sive
1122 3331 1149 3380 in
1168 3335 1276 3394 totum,
1300 3325 1356 3382 sive
1374 3339 1422 3392 pro
1439 3333 1515 3392 parte
1533 3338 1641 3382 tantum
1658 3324 1692 3382 acl
1710 3340 1770 3380 eum
1830 3341 1858 3377 r-

212 3407 270 3446 non
289 3389 370 3448 niodo
387 3391 500 3463 domini,
519 3363 565 3456 sed
582 3396 610 3452 δι
627 3394 711 3461 ipsius
727 3394 798 3452 servi
815 3387 944 3451 renuam
961 3404 1021 3457 est,
1050 3399 1152 3455 venisse
1170 3403 1355 3465 proponatur3
1384 3409 1438 3448 non
1456 3395 1531 3451 enirn
1549 3409 1648 3451 contra
1674 3396 1775 3452 socium
1813 3398 1867 3450 oie

211 3463 307 3583 quifipe
324 3478 385 3518 cun
404 3462 455 3542 hoc
473 3480 534 3520 casu
551 3481 646 3522 servus
666 3479 713 3520 stra
768 3475 833 3520 ante
861 3459 965 3530 fecerit,
991 3463 1017 3519 dt
1049 3463 1169 3534 aiiioni,
1186 3463 1232 3520 sed
1249 3465 1387 3522 communi
1405 3463 1557 3534 dividundo
1575 3464 1650 3521 locus
1665 3463 1745 3533 est,l.
1766 3464 1857 3516 sicer-

211 3547 250 3587 nu
272 3547 290 3586 a
306 3546 410 3598 pressus
428 3539 543 3602 jussione¹
559 3534 675 3605 domini,
702 3533 777 3589 nula
800 3533 884 3588 eriam
911 3531 1022 3601 parendi
1049 3558 1097 3592 vus
1115 3534 1262 3590 communis
1279 3527 1306 3588 8.
1326 3533 1344 3587 l.
1363 3553 1423 3590 cum
1442 3554 1530 3589 reram
1549 3538 1696 3592 calamonis
1714 3531 1756 3599 41.
1774 3528 1806 3600 4
1826 3531 1854 3586 ri.

210 3603 374 3662 necesitate,
386 3610 502 3688 potuerit
519 3606 638 3661 excusari
666 3604 785 3673 adeoque
802 3600 1020 3662 necdubiuores·
1050 3621 1069 3661 r.
1089 3603 1201 3674 Adher,
1219 3605 1241 3658 si
1260 3619 1315 3657 non
1333 3603 1457 3663 dominus
1475 3601 1596 3664 alienum
1608 3620 1714 3661 set-vum
1730 3607 1859 3668 stannesq⁴

210 3683 236 3728 se
254 3673 352 3745 potuit,
381 3689 428 3733 uta
448 3671 631 3733 &dirodina
663 3679 718 3732 ioni
735 3677 763 3733 or
783 3669 874 3729 noxali
893 3671 965 3728 locus
981 3689 1020 3728 es-
1048 3693 1077 3732 se
1097 3677 1126 3736 in
1146 3671 1201 3745 iure
1218 3667 1371 3744 confessus,
1389 3673 1513 3743 solverit,
1532 3674 1551 3729 l.
1569 3675 1659 3732 eleiir'o
1676 3669 1721 3729 26.
1737 3665 1859 3748 §.siser-

209 3754 259 3812 set,
278 3743 294 3796 l.
314 3758 340 3796 2.
360 3689 385 3818 4.
409 3763 431 3800 ι.
450 3747 469 3801 i.
489 3746 517 3798 io
535 3743 637 3805 dcliiiis
655 3743 682 3814 4.
701 3737 727 3818 4
746 3763 807 3801 cum
824 3742 944 3799 dominus
954 3757 978 3795 2.
983 3736 1020 3810 4.
1049 3765 1112 3803 vum
1129 3740 1206 3874 3.AE
1226 3742 1252 3800 b.
1269 3761 1290 3799 r.
1309 3745 1331 3797 si
1349 3759 1411 3802 cunt
1427 3743 1540 3804 domino
1556 3747 1749 3816 quasiconstio
1765 3739 1857 3798 atium

1191 3820 1252 3869 'one
1269 3811 1391 3884 dnus,
1407 3815 1435 3872 ἃ
1454 3815 1476 3870 is
1493 3809 1629 3870 absolutus
1647 3813 1694 3881 sit,
1709 3823 1774 3868 narn
1791 3825 1858 3876 tuoe

210 3895 264 3950 tur,
283 3891 389 3941 tametsi
408 3897 472 3943 tunc
491 3885 603 3954 parendi
615 3889 755 3944 necessitas
764 3898 871 3942 servum
888 3899 904 3935 2
921 3877 1020 3940 terrun
1047 3888 1082 3945 ad
1100 3881 1342 3952 noxale'lruiicirun
1361 3885 1464 3944 recurri
1482 3885 1591 3953 nequiit
1608 3883 1664 3941 etsi
1678 3883 1812 3952 pendente
1822 3879 1858 3934 li-

210 3949 332 4008 videatur
350 3969 486 4024 excusare,
504 3953 529 4008 d.
549 3953 566 4008 l.
578 3971 603 4011 2.
622 3949 650 4030 4.
668 3973 689 4011 ι.
702 3951 739 4024 4
756 3952 780 4009 i.
791 3969 810 4010 t.
829 3951 900 4007 lad
915 3949 1018 4021 ea157.
1048 3949 1358 4096 te‘mutarerice216&
1378 3954 1545 4023 prodiretis
1574 3950 1702 4022 noralem
1728 3967 1858 4016 movere,

209 4019 232 4070 Ι.
246 4022 277 4101 ἐπ’
288 4020 425 4080 damnum·
437 4025 485 4080 dar
507 4021 565 4097 169.
577 4020 616 4094 43
632 4025 664 4081 de
681 4023 796 4103 rrgjter.
814 4019 912 4080 delicio
929 4032 1020 4078 autem
1048 4027 1066 4081 l.
1085 4027 1115 4080 in
1132 4020 1237 4081 dalion
1254 4021 1279 4090 4

209 4088 300 4146 servili
318 4091 460 4151 deficiente
487 4092 583 4151 noxale
609 4111 712 4164 qnoque
739 4094 868 4167 judicium
894 4089 1017 4151 deficiat:
1037 4096 1127 4154 'dente
1145 4094 1193 4152 lite
1210 4094 1239 4150 in
1258 4110 1305 4151 stu
1323 4106 1455 4160 potestate
1474 4093 1573 4152 itabere
1597 4088 1705 4152 desierit
1726 4091 1791 4146 ‘sine
1808 4105 1859 4145 sua

209 4171 300 4215 tmen
320 4158 359 4214 ol>
372 4161 561 4227 auiioriratern
578 4163 643 4237 legis
664 4181 705 4220 ι2.
725 4159 1018 4228 tabularum‘lllpiano
1046 4163 1122 4234 culpa
1141 4161 1262 4234 latiore,
1280 4163 1345 4234 isi·
1358 4165 1414 4236 qnir
1432 4183 1452 4220 a
1469 4165 1561 4222 multis
1584 4163 1626 4231 ι4.
1644 4157 1671 4236 4.
1690 4160 1739 4220 ult.
1759 4160 1776 4214 l.
1795 4177 1858 4230 quo-

210 4226 443 4293 postlliarcellum
461 4235 633 4296 &lulianum
651 4234 762 4304 placuit,
779 4250 841 4292 com
859 4226 1017 4308 244ηεῖἰί-
1046 4239 1113 4292 riem
1132 4249 1177 4289 ar.
1193 4250 1230 4304 pr.
1250 4235 1268 4288 l.
1287 4247 1343 4302 pen.
1373 4231 1449 4304 44.
1467 4251 1488 4291 r.
1506 4239 1611 4292 stante
1629 4232 1704 4292 litem
1721 4243 1861 4288 contena-

211 4293 285 4358 reeia
301 4299 427 4362 noralem
444 4305 513 4359 servi
532 4310 642 4362 nomine
658 4317 754 4364 contra
771 4304 912 4362 dominnm
923 4302 1017 4368 iuben·
1047 4319 1104 4363 tarn
1118 4318 1208 4363 servus
1225 4315 1347 4363 mortuus
1363 4307 1418 4375 sit,
1434 4305 1540 4362 etiamn
1559 4304 1685 4364 dominus
1702 4315 1767 4358 ante
1784 4301 1882 4357 servi--

209 4381 266 4426 tem
284 4370 414 4442 permitti,
431 4371 463 4428 d..
476 4375 500 4432 i,
513 4390 539 4430 2.
557 4368 582 4446 4,
604 4389 626 4430 ι.
643 4373 678 4448 4
695 4375 720 4432 b.
739 4390 759 4431 t.
789 4376 931 4442 iustissima
954 4389 1018 4430 nne
1046 4377 1187 4435 interitum
1203 4371 1325 4434 desiisset
1342 4385 1409 4430 eunt
1422 4375 1486 4431 dolo
1503 4374 1577 4432 maus
1594 4375 1737 4444 possidere,
1755 4372 1856 4426 si-rno·

209 4443 337 4508 tatione
353 4455 410 4500 turn
429 4460 463 4499 ne
481 4442 599 4504 melioris
617 4445 735 4516 aloquin
764 4443 928 4504 conditionis
947 4456 1016 4504 esset
1044 4446 1085 4504 do.
1099 4449 1127 4502 in
1147 4443 1196 4502 lite
1212 4444 1381 4512 accipienda
1400 4443 1508 4502 nullam.
1521 4461 1626 4502 moram
1644 4441 1749 4510 fecerit,
1767 4442 1785 4495 l
1804 4441 1831 4496 el
1844 4469 1858 4480 -

209 4511 369 4578 manifestus
387 4511 534 4584 inprobior
585 4507 918 4583 ,extussuautlordeirut
937 4528 1022 4581 quem,
1044 4515 1100 4572 iiio.
1114 4513 1157 4574 26.
1175 4509 1201 4587 4.
1219 4517 1243 4570 si
1260 4517 1298 4587 is,
1332 4527 1398 4568 mm
1454 4516 1471 4570 i.
1489 4511 1535 4588 39.
1554 4513 1591 4586 4.
1611 4513 1659 4570 ult.
1680 4515 1697 4568 l·
1717 4512 1760 4579 4²·
1778 4503 1805 4588 li·
1829 4527 1852 4565 ¹·
1909 4556 1912 4562 ·

207 4586 253 4664 qu
272 4583 481 4648 connitentibus
497 4533 584 4642 cciiii
598 4585 718 4654 delinqui
728 4584 865 4655 permuit:
883 4583 1017 4657 tumrquia
1043 4584 1075 4657 ff.
1093 4586 1118 4642 ba
1137 4602 1157 4642 r.
1176 4587 1194 4639 i.
1216 4603 1237 4640 r.
1254 4578 1280 4669 4.
1298 4533 1376 4652 piane
1397 4603 1443 4668 ι...
1454 4581 1523 4655 4η·
1539 4585 1672 4658 quadran,
1683 4597 1759 4668 paup.
1770 4584 1874 4665 feris-‚2
1893 4635 1895 4640 ,

208 4671 238 4711 tn
258 4655 301 4728 iis,
315 4673 380 4729 quae·
392 4654 457 4718 latii
474 4657 644 4718 atrocitatem
661 4653 773 4727 labent,
792 4659 868 4711 servi.
881 4671 915 4714 ne
931 4669 966 4711 er
984 4669 1017 4711 eo
1045 4677 1072 4711 se
1089 4655 1212 4714 dicatur.
1232 4651 1268 4711 St.
1282 4652 1307 4709 la
1401 4669 1438 4712 stt
1458 4669 1565 4715 taanror
1583 4669 1713 4727 temporis
1729 4666 1858 4729 spanum,

207 4733 323 4802 quidem,
342 4730 411 4802 quod
429 4741 461 4785 et
479 4726 592 4796 parendi
610 4727 770 4789 mutitare
784 4721 892 4786 lacinus
905 4728 1016 4781 commi-
1044 4743 1097 4796 quo
1114 4728 1143 4785 dr
1160 4723 1266 4785 diretta
1283 4741 1298 4779 a
1329 4725 1391 4782 'oni
1404 4725 1585 4796 praecribitur
1603 4743 1639 4786 ex
1650 4723 1796 4784 civili-sar
1808 4722 1865 4778 ho*

206 4803 302 4884 serinii,
319 4807 394 4868 venia
412 4799 488 4882 digni
506 4811 582 4876 arnt,
598 4797 616 4855 Ι.
634 4817 729 4855 servor¹
741 4815 793 4858 mn
810 4797 838 4856 in
855 4808 897 4851 2ο.
918 4791 961 4870 ffi'
984 4793 1020 4851 de-
1048 4798 1157 4858 narario
1175 4792 1247 4867 jure:
1265 4796 1383 4867 adeoque
1399 4797 1429 4856 si*
1441 4795 1726 4870 direfi'a'tetnporales
1743 4801 1864 4857 sintve-

1318 4064 1324 4078 ·
1343 4023 1391 4082 uit.
1404 4021 1442 4094 4
1459 4025 1484 4082 b.
1502 4039 1523 4080 t.
1541 4025 1567 4083 si
1579 4041 1644 4090 ¹reus
1666 4037 1769 4080 servtun
1788 4035 1857 4088 pen-
