4040 5364
1830 53 1846 83 x
1854 89 1856 97 r

325 201 393 287 tiri
950 207 1021 272 Lib.
1037 207 1080 270 ii.
1100 208 1162 272 itt.
1181 207 1234 272 IV.
1362 256 1364 266 ,

270 313 430 368 quemquam
449 293 593 368 principali
625 293 668 356 tel
687 291 812 368 judiciali·
833 294 996 358 undositate
1020 299 1075 356 cir·
1104 297 1223 358 aCuria
1241 291 1396 358 Hollaudie
1416 291 1565 366 iudicatum
1587 299 1708 355 mitat
1732 291 1805 357 liert
1829 301 1910 360 snit

267 365 425 438 cumscribi,
444 367 487 424 uti
504 367 535 425 in
552 365 634 424 simili
651 373 691 424 ait
710 365 777 452 Imp.
799 371 828 425 in
846 369 865 425 l.
888 387 911 427 t.
929 371 957 427 C.
975 369 1007 425 do
1025 368 1074 442 bit,
1103 389 1158 426 van
1175 386 1293 432 arrestari
1310 383 1367 439 cap.
1385 366 1411 436 d.
1429 387 1506 424 num.
1525 365 1569 422 50.
1580 367 1683 436 optima
1700 386 1766 428 sane
1784 370 1911 444 melone,

267 439 313 510 qui
330 441 438 496 vertiam
456 455 536 495 arat.
555 435 613 512 Qui
632 450 724 496 tamen
741 457 765 495 st
780 454 893 513 sponte,
909 457 942 497 ac
960 457 1017 500 non
1036 444 1073 498 ci·
1102 451 1278 511 preterquam
1294 443 1375 506 enim,
1384 438 1457 507 quod
1475 437 1592 494 multtum
1609 440 1935 516 inimititiarum

268 521 352 580 tatus,
370 510 493 566 veritatis
511 509 652 578 injudicio
670 507 839 579 perhibenda
856 522 903 567 aut
913 509 1003 571 tutele
1013 514 1073 572 red·
1101 513 1223 570 muneris
1241 508 1456 581 neeessar·ir‚sibi
1473 509 1559 566 etiam
1576 512 1668 568 invito
1684 512 1805 580 impositi
1822 513 1913 570 intui-

268 579 362 638 denda
379 581 468 651 gratia
486 581 652 649 accessisset,
671 596 734 635 curn
750 579 826 638 nulla
843 599 872 638 se
888 579 994 649 publica
1011 599 1072 654 pos-
1102 593 1132 638 tu
1149 595 1287 651 evocetur,
1306 579 1380 639 velut
1397 579 1548 637 testimonii
1566 578 1729 650 perhibendi
1755 594 1803 642 aut
1819 579 1913 643 tutelae

265 663 305 708 set
322 649 485 708 audioritate
504 651 585 720 tueri,
604 647 705 706 frustra
718 653 814 708 arrcsti
833 650 971 726 vinculum
988 651 1072 711 decli·
1100 652 1241 712 reddenda
1259 653 1404 726 gratiaan
1423 663 1489 707 vero
1504 663 1589 708 sentet
1608 663 1704 720 sponte
1720 650 1913 710 contrahendo
1969 695 1974 709 .

245 751 248 754 ·
265 730 360 777 naret.
380 719 451 778 Vide
468 719 650 792 Carpzovium
667 717 747 792 defin
759 717 861 794 forem.
878 737 947 793 part.
972 739 994 778 t.
1011 743 1072 780 rors-
1102 720 1144 778 vel
1160 722 1342 792 delinquendo
1358 719 1555 790 obstrinxerit,
1574 734 1604 779 ut
1621 721 1661 778 sui
1687 723 1796 793 copiam
1821 719 1912 782 fucere

264 793 320 848 stit.
341 785 385 848 50.
403 787 480 862 defin
504 808 544 848 ro.
564 783 696 848 Pedrrum
713 787 746 845 do
756 791 823 866 jars
840 794 896 851 rirt.
914 808 969 862 cap.
988 791 1015 851 5.
1025 815 1071 852 na.
1101 800 1226 851 teneatur
1243 793 1279 852 acl
1298 791 1439 850 vitandam
1455 794 1631 854 contumacis
1649 808 1771 862 poenama
1785 793 1912 852 cosme

266 877 310 916 ar.
333 876 371 916 12.
391 857 459 918 Bort
478 881 531 918 vrrs
549 857 711 921 attestanti.
730 876 787 932 cap.
805 863 831 934 4.
850 881 926 921 num.
946 881 961 918 a
982 862 1071 922 .Ber·
1101 864 1216 921 randum
1233 875 1369 934 preterea,
1386 879 1458 919 manc
1476 877 1533 918 non
1551 862 1619 920 adeo
1635 863 1805 921 diversorum
1833 861 1912 920 loco·

264 927 379 988 lisbium
398 945 468 1001 part.
491 951 516 988 r.
534 931 646 990 conclus.
666 929 709 1003 75.
728 937 803 990 numi
822 929 864 990 ab.
882 947 926 1006 29·
998 933 1072 993 bitor
1099 949 1160 990 rum
1177 931 1277 1003 udices
1294 936 1344 993 uni
1361 947 1485 1003 supremo
1502 929 1607 990 subesse
1624 929 1769 1006 Principi,
1785 933 1832 1004 qui
1849 951 1911 1002 pos-
1972 937 1979 948 ‘

264 1020 370 1072 quoque
388 1019 405 1058 a
422 1019 471 1060 suo
488 1014 614 1060 evocatus
631 1002 766 1062 creditore
782 1021 847 1062 eum
865 1006 894 1059 in
914 1003 1013 1077 finem,
1039 1019 1071 1064 ut
1100 1018 1141 1062 set
1158 1007 1207 1062 uni
1226 1001 1309 1078 judici
1326 1006 1464 1072 imponere
1480 1003 1669 1062 necessitatem
1692 1004 1850 1062 remittendi
1867 1015 1912 1059 tas

265 1073 299 1131 de
317 1077 426 1146 negotio
444 1073 517 1129 inter
530 1075 605 1142 ipsos
620 1085 797 1152 controverso
814 1087 934 1136 tentetur
964 1089 1071 1134 transa-
1101 1071 1137 1132 les
1155 1073 1295 1135 radiorum
1312 1071 1456 1134 domicilii:
1473 1075 1511 1143 dr,
1528 1075 1552 1130 si
1569 1075 1689 1131 maxime
1706 1076 1755 1131 uni
1773 1086 1912 1146 parerent,

266 1139 332 1216 tiro,
349 1146 390 1200 uti
403 1145 518 1202 &tutor
536 1147 663 1214 privatim
679 1159 805 1204 evocatus
822 1147 939 1204 rationis
956 1147 1071 1206 redden·
1100 1145 1139 1204 ita
1157 1160 1247 1204 terren
1267 1142 1460 1218 Jurrsdrbironis
1477 1153 1574 1201 nostre
1594 1144 1795 1213 patrimonialis
1809 1160 1912 1202 unum*

265 1214 305 1270 de
324 1231 418 1286 causa,
436 1213 500 1270 licet
518 1231 534 1270 a
552 1215 647 1284 quovis
664 1211 721 1272 alio
738 1218 796 1276 sisti
815 1218 916 1288 possit,
933 1235 997 1275 curn
1015 1220 1071 1288 pri·
1099 1231 1228 1290 quemque
1245 1219 1318 1275 intra
1327 1233 1404 1275 mum
1420 1217 1588 1272 territorium
1598 1215 1645 1270 reli
1664 1217 1752 1272 iorum
1765 1213 1911 1274 custodem

266 1297 330 1342 vata
349 1287 430 1344 unius
438 1283 564 1346 evocatio
580 1288 675 1343 ceteris
692 1298 808 1356 nequeat
826 1283 996 1358 prejudicare
1013 1309 1070 1348 cre·
1099 1304 1164 1358 esse,
1181 1299 1212 1346 ut
1229 1285 1368 1347 difficilius
1385 1285 1436 1344 ille
1455 1288 1622 1342 remissiones
1685 1302 1731 1342 um
1749 1284 1909 1347 inveniam.

265 1351 401 1414 ditoribus
410 1397 420 1428 ,
445 1368 575 1425 tanquam
603 1375 645 1418 res
664 1357 735 1414 inter
761 1357 828 1415 alios
844 1356 904 1430 adia
912 1400 923 1430 ,
1012 1355 1070 1432 jura
1099 1353 1207 1482 Puibus
1222 1359 1338 1431 accedit,
1350 1359 1422 1430 quod
1438 1357 1469 1412 in
1484 1355 1544 1414 dies
1560 1355 1727 1423 observatur,
1737 1371 1813 1414 reum
1830 1356 1913 1417 unas

267 1423 398 1500 vulgata,
426 1435 517 1482 tanen
541 1442 597 1481 non
615 1422 687 1484 redle
710 1428 740 1484 in
757 1445 790 1486 eo
807 1426 867 1486 loco
911 1449 945 1490 ve
972 1432 1071 1495 itinere
1112 1429 1157 1486 itis
1173 1430 1344 1499 suscipiende
1361 1427 1451 1500 gratia
1468 1423 1504 1482 ab
1523 1443 1581 1494 uno
1596 1425 1728 1486 creditore
1746 1439 1822 1484 certo
1849 1423 1912 1488 loos

266 1511 314 1554 aut
331 1497 431 1568 reditu,
448 1494 485 1552 ob
501 1495 578 1579 idem
591 1495 724 1570 debitum,
742 1495 785 1554 rei
802 1497 839 1556 ob
856 1469 948 1574 aliud,
965 1503 1070 1560 sistere-
1100 1511 1244 1570 retentum,
1262 1502 1293 1559 in
1311 1518 1352 1572 eo,
1369 1498 1463 1557 eadem
1480 1496 1529 1553 lite
1546 1496 1698 1568 pendente,
1717 1513 1793 1564 posse
1810 1498 1845 1556 ad
1864 1495 1908 1552 als

265 1577 313 1625 tur
329 1565 365 1624 ab
382 1565 431 1624 illo
447 1568 516 1638 ipso,
532 1583 579 1635 qur
587 1571 731 1638 evocavit,
749 1587 784 1626 ne
797 1565 893 1628 fiducia
910 1569 987 1630 bona
1007 1571 1070 1630 iidei
1099 1574 1183 1628 terius
1199 1570 1339 1630 creditoris
1357 1569 1517 1639 petitionem
1534 1569 1636 1624 iterato
1652 1565 1819 1650 sisti,qualis
1834 1585 1912 1626 erre·

170 1651 173 1658 '
266 1637 297 1696 dt
313 1653 456 1694 consensus
473 1637 615 1698 creditoris
630 1639 672 1694 sui
690 1639 836 1710 accedens,
861 1639 961 1700 dolosa
987 1659 1070 1711 expo-
1098 1637 1135 1697 sti
1153 1643 1280 1711 repetitio
1294 1643 1380 1699 etiam
1397 1637 1592 1696 commendatio
1600 1637 1706 1696 detenti
1725 1637 1768 1695 rel
1785 1637 1910 1709 edberto,

264 1719 377 1766 meretur
404 1708 648 1780 circumventioni,
676 1707 750 1766 nulla
766 1705 885 1784 judiciali
910 1709 1071 1772 auctoritate
1099 1707 1167 1769 solet
1191 1715 1221 1771 in
1247 1717 1322 1784 prati
1350 1707 1500 1780 appellari,
1531 1709 1623 1765 sicut
1649 1706 1798 1766 laxandum
1814 1727 1848 1765 eo
1863 1726 1911 1766 cae

265 1773 485 1848 comprobanda,
499 1779 607 1835 etiam
625 1775 772 1838 transaiiio
790 1780 941 1850 pervicacia
964 1781 1069 1840 debito*
1099 1799 1129 1838 su
1147 1800 1203 1840 non
1224 1783 1259 1840 sit
1276 1784 1372 1841 acrem
1391 1779 1539 1850 vinculum,
1558 1781 1612 1837 nisi
1628 1777 1765 1850 omnibus,
1775 1789 1834 1837 tum
1852 1780 1911 1850 pri·

264 1848 306 1903 ris
322 1847 356 1906 ad
373 1847 456 1910 finem
473 1863 529 1904 non
548 1849 727 1917 perducatur,
745 1850 816 1906 inest
833 1853 908 1908 enim
927 1859 1011 1912 tacite
1027 1865 1070 1912 ta·
1099 1858 1180 1910 mitus
1196 1853 1363 1922 sistentibus,
1380 1863 1439 1908 tum
1457 1863 1551 1921 postea
1575 1847 1846 1920 commendantibus,
1865 1848 1910 1907 vel

265 1915 288 1971 li
305 1919 459 1978 evocationi
477 1914 585 1988 paetum
600 1916 825 1978 saivtconduiius
842 1923 914 1980 inter
929 1934 1070 1980 vocantem
1098 1925 1256 1982 satisdatum
1275 1919 1356 1982 fuerit
1367 1920 1497 2052 Sim,
1508 1920 1549 1978 vel
1560 1915 1824 1990 satisfadummuin
1842 1923 1911 1992 imo,

264 2001 455 2060 vocatumque,
470 1987 546 2060 quod
563 1990 735 2060 servandum,
752 2008 811 2064 arg.
830 1990 849 2047 l.
860 1995 937 2068 juris
968 1999 1070 2054 entium
1098 1995 1205 2052 etiamsi
1223 1996 1371 2062 primisset
1404 1998 1522 2054 itornon
1542 1987 1600 2062 itare
1617 1991 1730 2048 stitisset
1746 1991 1911 2058 debitorem,

264 2071 293 2184 Ξῖ.
313 2057 350 2128 ff.
370 2061 412 2115 ait
425 2073 517 2130 prator
535 2073 561 2130 7.
580 2053 661 2128 iunii.
678 2054 705 2136 §.
720 2059 779 2119 ,dolo
796 2062 869 2118 malo
885 2076 912 2136 9.
929 2013 967 2136 βξ
983 2064 1070 2132 depa-
1099 2076 1190 2122 tamen
1208 2064 1238 2123 id
1255 2065 1326 2135 apud
1345 2081 1393 2120 nos
1411 2081 1466 2121 non
1485 2063 1640 2133 impediret,
1657 2077 1712 2129 quo
1730 2062 1819 2119 miratu
1836 2060 1910 2119 alter

295 2129 326 2200 ir,
347 2126 366 2185 i.
388 2146 412 2186 r.
421 2124 463 2202 ffi
481 2127 514 2183 dr
530 2135 633 2189 constit.
647 2147 742 2202 ‘pram
759 2129 940 2192 christinam
958 2134 1032 2191 adt
1063 2180 1069 2191 .
1098 2135 1319 2208 cominendaret,
1337 2153 1383 2192 seu
1399 2134 1434 2192 de
1452 2152 1525 2192 novo
1543 2142 1691 2190 arrestaret
1709 2147 1767 2188 non
1786 2130 1842 2200 iure
1857 2131 1909 2189 de·

303 2193 396 2254 schlin.
413 2203 456 2255 tit.
474 2191 502 2255 3.
519 2198 560 2254 ad
573 2199 718 2272 rubricam,
735 2222 781 2260 nu.
798 2199 825 2270 d.
845 2207 874 2260 in
891 2201 1018 2262 adarim.
1099 2216 1215 2275 tentum,
1233 2208 1289 2263 sive
1306 2207 1380 2276 prior
1397 2206 1493 2263 sistem
1510 2214 1643 2274 peccasset
1669 2203 1701 2256 in
1718 2202 1831 2260 sistendi
1849 2197 1909 2258 fori·

168 2279 173 2292 ¹
264 2268 309 2325 ad
323 2271 398 2326 artic.
416 2283 442 2324 a.
461 2289 488 2324 n.
507 2265 534 2336 4.
553 2265 671 2330 Pecltius
688 2272 721 2328 de
752 2275 948 2344 meritasse.
968 2272 1070 2347 attis·
1099 2291 1143 2332 ma
1160 2276 1300 2348 modoque,
1317 2282 1373 2334 sire
1389 2275 1518 2332 caruisset
1535 2272 1633 2346 agendi
1661 2283 1741 2342 atque
1764 2271 1804 2328 ita
1822 2271 1907 2328 etiam

265 2340 328 2396 virts
344 2335 376 2393 dr
394 2341 504 2399 arrectis
522 2355 580 2410 cap.
604 2357 645 2398 ra.
664 2361 691 2399 n.
745 2339 880 2400 .dubitat
898 2343 965 2404 Bort
981 2344 1069 2404 dear-
1099 2347 1210 2404 sistendi
1224 2341 1294 2418 jure,
1311 2343 1376 2403 Bort
1395 2355 1450 2403 dan
1467 2361 1584 2400 arrsrren
1601 2354 1659 2408 crata.
1679 2357 1703 2396 a.
1722 2361 1796 2400 num.
1819 2357 1860 2398 to.
1877 2341 1908 2404 s

266 2413 344 2470 restis
360 2424 417 2478 cap·
435 2407 462 2477 lp
481 2430 507 2466 n.
525 2407 569 2481 49.
587 2409 679 2469 Aliter
695 2431 776 2486 quam
794 2415 822 2472 dr
838 2412 882 2469 hic
899 2414 1078 2476 statuendum*
1099 2415 1191 2474 maltis
1209 2435 1274 2490 seqq.
1294 2414 1371 2474 Licet
1388 2419 1463 2473 enim
1480 2411 1624 2473 nonnullis
1642 2409 1754 2482 placeat,
1773 2429 1830 2468 non
1848 2408 1906 2484 jure

266 2475 358 2548 f0i0is
374 2481 398 2534 δί
416 2477 524 2538 debitor
542 2497 599 2538 non
619 2493 737 2556 rogatus,
754 2483 800 2542 sed
818 2483 966 2550 sponte'ad
983 2488 1070 2546 credi·
1098 2487 1246 2558 detentum,
1264 2485 1306 2544 vel
1325 2485 1382 2558 jure
1399 2488 1539 2545 detentum
1556 2481 1676 2554 quidem,
1694 2481 1740 2540 sed
1756 2478 1908 2540 audioritss

165 2585 172 2594 -
233 2569 238 2579 ·
265 2563 355 2622 torem
371 2551 510 2612 accessisse
536 2547 696 2619 probaretur
714 2551 906 2614 mansuetionis
934 2558 1070 2617 tentanda
1099 2569 1127 2615 te
1144 2555 1249 2627 publica
1267 2571 1326 2628 post
1343 2554 1556 2614 satisfaiiionem
1571 2565 1618 2609 aut
1636 2553 1852 2624 satisdationem,
1866 2549 1907 2612 las

264 2631 379 2692 ‘iniis'
393 2637 426 2680 ⁶0
442 2619 513 2696 <lii⁰d
531 2629 597 2679 tunc
624 2639 710 2692 neque
728 2621 836 2695 publica
861 2643 947 2694 neque
963 2630 1070 2695 privata
1099 2639 1203 2699 xatum,
1221 2647 1307 2702 neque
1324 2626 1361 2684 ab
1377 2627 1482 2698 eodem,
1501 2643 1587 2696 neque
1605 2619 1714 2678 abalio
1730 2622 1904 2680 emmenda-

265 2686 320 2747 tie
338 2692 496 2760 interposita
522 2702 597 2750 tutus
612 2703 670 2752 est.
698 2689 764 2768 Quo
781 2691 961 2754 fundamento
985 2700 1071 2758 etiam
1099 2699 1133 2770 ri,
1151 2711 1199 2755 aut
1215 2701 1273 2759 sisti
1289 2700 1324 2756 de
1341 2715 1414 2755 noro
1509 2699 1521 2764 ¹,
1539 2697 1593 2750 nisi
1616 2692 1727 2748 domum
1754 2687 1837 2752 fierit
1862 2710 1908 2752 res

265 2759 338 2820 rodis
355 2761 539 2834 contenditur,
555 2779 626 2836 eum,
644 2762 689 2834 qui
700 2763 741 2819 vel
751 2765 843 2822 uxoris
860 2765 989 2826 ducenda
1006 2786 1070 2826 cau-
1099 2786 1198 2839 versas,
1215 2782 1262 2826 aut
1279 2767 1374 2826 saltem
1392 2784 1409 2824 s
1445 2768 1583 2823 irnissione
1601 2768 1636 2820 sit
1651 2761 1771 2834 rupem
1789 2775 1908 2834 tempus,

265 2849 305 2902 se,
322 2828 366 2888 vel
376 2827 478 2888 funeris
488 2834 664 2958 ,respuendi
700 2836 780 2906 tatia,
799 2833 842 2894 vel
852 2835 989 2912 religionis
1006 2839 1070 2898 caiu-
1099 2855 1153 2906 quo
1170 2841 1310 2897 commode
1329 2851 1414 2908 posset
1432 2837 1497 2896 inde
1522 2835 1681 2894 decessisse:
1708 2836 1908 2891 verius'tamen

265 2920 298 2960 aa
316 2902 351 2960 ad
368 2899 458 2956 locum
476 2919 491 2957 a
506 2903 594 2972 iquem
612 2921 643 2960 ac
695 2910 729 2974 't,
747 2901 818 2964 teile
836 2907 866 2961 in
884 2907 1011 2969 adeundo
1028 2909 1071 2970 vel
1098 2907 1134 2966 ab
1150 2910 1244 2968 eodem
1261 2911 1369 2985 quidem
1386 2909 1533 2977 creditore,
1558 2906 1607 2976 <lui
1624 2917 1762 2973 perperam
1779 2904 1908 2976 stiterit,

266 2971 426 3050 recedendo,
442 2977 507 3048 quin
524 2975 553 3036 ,ἃ
572 2975 602 3028 in
617 2978 676 3056 ipso
695 2973 770 3050 loco,
788 2975 824 3032 ad
841 2992 922 3046 quem
939 2981 1070 3053 accessit,
1100 2995 1155 3036 non
1173 2997 1249 3048 posse
1266 2981 1383 3038 eundem
1400 2976 1497 3037 exalia
1515 2991 1594 3034 causa
1607 2990 1699 3033 muers
1715 2973 1844 3043 sistitisi
1862 2977 1907 3030 ins

266 3045 346 3114 sisti,
368 3042 390 3102 si
409 3041 490 3102 modo
507 3059 564 3103 uon
577 3044 612 3098 in
630 3061 688 3112 rpso
705 3044 755 3102 illo
771 3041 852 3116 situ,
879 3047 944 3106 dum
960 3069 1071 3108 uxorem
1099 3051 1230 3118 terposito
1247 3053 1319 3107 inter
1337 3049 1502 3107 laxationem
1525 3050 1554 3106 dr
1572 3059 1674 3102 novam
1700 3047 1908 3100 onerationem

267 3110 382 3168 suumve
399 3109 492 3192 ducit,
516 3130 556 3176 rte
572 3111 701 3172 solemnis
726 3113 801 3176 adius
819 3113 996 3176 turbaretur.
1021 3119 1070 3178 Pe-
1100 3132 1179 3175 tanto
1194 3125 1321 3192 temporis
1337 3124 1497 3191 spatimquo
1514 3117 1557 3176 vei
1575 3115 1686 3172 dorrmm
1704 3113 1791 3170 redire
1808 3125 1906 3182 posset,

265 3177 348 3243 ckius
375 3179 406 3236 ds
418 3188 485 3252 jars
498 3186 559 3246 siri.
577 3203 599 3239 c.
618 3183 644 3241 5.
662 3191 760 3244 nfra)
778 3184 859 3243 Plane
885 3188 908 3244 si
926 3189 986 3261 quis
1011 3208 1071 3260 pre-
1101 3188 1143 3246 vel
1161 3189 1256 3249 saltem
1273 3192 1443 3248 territorium
1463 3181 1650 3260 judicis,cujrrs
1668 3179 1830 3266 iustiifliiie,
1847 3197 1907 3240 ⁸1²¹

187 3279 189 3284 ·
267 3252 425 3312 hensionem
442 3263 578 3325 metuens,
594 3257 622 3313 dr
641 3268 732 3315 tamen
749 3256 812 3314 cuni
829 3258 1008 3318 creditoribus
1023 3262 1071 3322 de·
1099 3261 1232 3329 deennu,
1249 3261 1392 3329 excedere3
1410 3262 1489 3331 idque
1507 3274 1541 3314 ne
1567 3268 1705 3322 perierim
1722 3263 1831 3328 iiiifflss
1857 3269 1908 3311 ⁸¹⁸⁸

266 3323 390 3384 sidereus
408 3325 568 3406 transigere,
586 3324 769 3396 impetraverit
793 3325 962 3402 aPrincipe,
981 3330 1024 3389 vel
1041 3349 1071 3390 a·
1101 3332 1185 3401 prosit
1201 3329 1367 3390 calumniosa
1384 3335 1415 3388 in
1435 3329 1475 3402 jus
1484 3327 1593 3382 vocatio
1610 3335 1691 3390 utque
1707 3321 1839 3378 detentio.
1852 3321 1909 3382 διὰ

267 3395 319 3465 tio,
337 3393 381 3449 cui
398 3391 482 3452 dandi
503 3412 540 3461 tus
552 3405 603 3464 est,
620 3399 777 3465 rescriptum
792 3398 954 3472 securitatis,
970 3399 1072 3474 (vulgo
1100 3399 1135 3458 ab
1152 3400 1210 3458 alio
1226 3402 1409 3460 commendari
1428 3396 1540 3459 necdum
1558 3393 1707 3474 dimissum,
1717 3389 1760 3448 vel
1774 3389 1811 3449 de
1821 3391 1909 3476 ’ΨΜ

266 3463 382 3522 secaret!
398 3459 432 3532 de
446 3463 535 3534 corps)
551 3468 665 3525 deuante
691 3479 829 3538 tempore,
855 3469 926 3537 quod
943 3475 1072 3542 rescripto
1099 3473 1169 3544 sisti,
1186 3475 1233 3543 qni
1251 3471 1308 3545 jure
1326 3472 1368 3530 vel
1386 3468 1486 3539 iniuria
1508 3467 1581 3538 prius
1607 3460 1643 3519 ab
1659 3459 1719 3544 alio
1744 3457 1909 3547 concretu

265 3550 422 3605 expressum
438 3547 489 3608 est,
506 3537 565 3598 sisti
583 3539 694 3606 nequit,
712 3538 767 3594 sive
785 3537 963 3597 creditoribus
981 3543 1010 3600 id
1026 3543 1071 3600 in·
1099 3544 1249 3616 iterumque
1266 3542 1372 3600 laxatus
1399 3538 1505 3612 iuerat,
1524 3535 1594 3596 nihil
1621 3531 1743 3602 impedit.
1772 3534 1805 3588 bi
1831 3535 1908 3590 enim

183 3610 185 3627 ¹
250 3610 406 3670 ,sinuatum
423 3611 459 3664 sir
503 3599 654 3678 sivdnon,
677 3605 741 3668 licet
759 3603 845 3679 aliqui
861 3609 1071 3674 insinuationem
1098 3629 1160 3671 mm
1177 3615 1312 3684 concipias
1328 3609 1386 3684 lure
1402 3606 1649 3681 detentum-unius
1666 3603 1808 3686 creditoris
1836 3603 1908 3686 rigi·

264 3675 433 3750 desiderent,
450 3646 582 3734 liortam
590 3693 709 3734 arrrrtrn
726 3675 903 3745 adnumero
919 3675 964 3740 51.
984 3683 1071 3742 ldem-
1101 3681 1186 3740 lancia
1203 3687 1299 3744 ceteris
1316 3680 1475 3752 praeludere
1493 3697 1551 3736 non
1576 3675 1671 3738 debuit
1689 3672 1828 3756 licentram
1853 3673 1907 3730 srbt

266 3767 318 3820 que
334 3760 393 3816 est,
409 3749 433 3803 si
450 3753 616 3815 impetrasset
632 3749 789 3817 rescriptum
806 3753 1000 3825 moratoriam,
1018 3773 1072 3827 quo
1099 3771 1202 3824 <tuoque
1220 3754 1365 3836 vigilandi,
1383 3769 1433 3810 nec
1453 3769 1493 3815 res
1511 3754 1583 3808 inter
1601 3745 1670 3803 alios
1687 3739 1757 3826 aila,
1775 3742 1838 3799 alm
1856 3761 1907 3825 no-

265 3835 330 3878 casu
348 3819 383 3876 de
399 3813 497 3875 debitis
516 3818 644 3887 rescripto
670 3815 854 3876 anterioribus
880 3826 1071 3882 ut·conveniri
1099 3842 1165 3896 cere·
1175 3827 1271 3897 potuit,
1289 3835 1336 3880 aut
1365 3841 1394 3880 us
1411 3837 1488 3880 suum
1505 3827 1534 3878 in
1561 3822 1600 3889 ius
1619 3815 1734 3871 vocandi
1762 3827 1855 3896 atque·
1869 3829 1907 3868 si·

265 3888 379 3957 nequit,
397 3887 438 3942 lii
456 3903 507 3944 nec
523 3887 602 3959 sisti,
621 3881 740 3946 Pecltius
758 3886 791 3944 de
803 3887 868 3960 jrm
886 3895 997 3954 sistendi
1013 3910 1069 3966 cap.
1098 3893 1187 3952 stendi
1204 3891 1319 3953 auferre.
1338 3843 1444 3952 (loutra
1462 3894 1484 3948 si
1502 3889 1669 3948 calumniose
1686 3885 1803 3968 priorem
1821 3885 1907 3940 stitis·

263 3957 293 4018 6.
312 3977 386 4015 num·
407 3970 451 4028 17·
470 3955 504 4018 i!
520 3971 576 4027 cap·
598 3975 638 4014 ιο.
656 3979 730 4016 nura.
749 3970 776 4028 9·
1098 3981 1126 4024 se
1143 3981 1244 4034 ponas,
1262 3982 1319 4022 non
1336 3962 1451 4022 debebat
1477 3963 1557 4018 unius
1574 3957 1713 4034 calumnia
1739 3953 1800 4010 alus
1826 3965 1908 4010 ettae

302 4025 348 4096 dr.
367 4023 450 4152 quod
466 4029 490 4084 si
507 4033 565 4100 quis
584 4027 625 4084 vel
642 4027 834 4101 appellationis
851 4048 950 4106 causa,
968 4030 1011 4092 vel
1028 4033 1071 4090 al·
1098 4032 1263 4091 calumniam
1281 4027 1376 4104 pisitis
1392 4031 1494 4091 inferre
1517 4027 1712 4100 prareti-irun-
1731 4019 1803 4107 Quo,
1821 4023 1907 4082 ΜΟ

266 4101 351 4156 terius
371 4128 373 4136 ,
391 4099 436 4154 itis
461 4098 648 4174 prosequenda
673 4102 762 4172 gratia
791 4101 820 4157 in
845 4098 905 4157 loco
931 4108 1071 4176 peregrino
1097 4106 1180 4163 etism
1198 4106 1231 4163 de
1248 4103 1440 4176 jureRomano
1456 4103 1601 4162 creditores
1612 4099 1685 4165 prius
1702 4111 1777 4178 russi
1794 4110 1825 4177 ur
1843 4111 1907 4178 pos-⁴

264 4183 345 4228 extra
362 4165 531 4225 domicilium
558 4182 679 4229 moretur
704 4171 763 4230 sive
780 4168 874 4242 adior,
899 4173 956 4231 sive
987 4193 1069 4248 reus,
1098 4175 1249 4247 sessionem,
1259 4173 1321 4232 aliis
1339 4193 1395 4232 non
1411 4172 1536 4242 oberant,
1546 4188 1599 4240 quo
1616 4168 1708 4224 minus
1726 4168 1753 4225 dr
1769 4163 1824 4222 tllrs
1841 4179 1907 4224 utra-

248 4235 323 4312 'jure
340 4239 447 4310 quiden
465 4237 612 4314 Romano,
638 4240 701 4298 talis
717 4239 773 4298 alia
789 4241 824 4300 de
841 4239 888 4297 lite
905 4261 962 4302 non
981 4247 1069 4313 potuit
1089 4253 1201 4314 ,sionem
1218 4251 1403 4317 impetrarent,
1421 4241 1496 4302 nulla
1512 4239 1689 4301 distinetione
1706 4233 1852 4317 adhibita,
1868 4253 1908 4320 an

264 4327 299 4369 eo
316 4311 346 4366 in
374 4307 434 4368 loco
461 4309 626 4380 interpellari
651 4330 684 4368 eo
702 4323 843 4382 tempores
864 4313 931 4371 dato
957 4315 1009 4383 ipsi
1027 4313 1069 4386 ju·
1100 4313 1164 4387 lure,
1177 4333 1213 4372 an
1230 4335 1277 4387 per
1293 4315 1459 4374 calummam
1477 4317 1578 4384 priores
1596 4313 1784 4388 impetrassent
1802 4323 1908 4364 musso»

265 4399 296 4440 re
316 4378 405 4436 forum
432 4377 499 4439 illud
515 4379 691 4454 declinandi,
717 4383 878 4452 domumque
904 4385 1070 4459 revocandi,
1098 4391 1142 4442 nis
1158 4387 1304 4462 decretum,
1323 4388 1341 4442 i
1360 4385 1409 4444 ult.
1427 4387 1456 4443 C.
1475 4383 1507 4440 dc
1524 4381 1596 4438 bonis
1615 4379 1717 4439 aelios.
1729 4375 1796 4448 jud.
1811 4377 1908 4445 possid.

265 4454 293 4510 d.
312 4452 332 4508 l.
350 4459 376 4506 a.
394 4449 433 4520 ff.
450 4451 543 4526 legatis
560 4448 586 4507 3.
597 4449 636 4524 ff.
654 4450 687 4506 da
698 4449 830 4526 justiciis.
859 4451 915 4516 Sed
940 4455 989 4512 uix
1007 4469 1069 4532 est,
1098 4454 1116 4510 I.
1133 4475 1196 4514 ,cum
1214 4477 1283 4516 unus
1305 4473 1344 4514 ra.
1358 4455 1393 4530 ff
1413 4455 1444 4513 dr
1461 4453 1513 4511 reb.
1532 4449 1661 4525 asnjam.
1678 4446 1773 4520 possid.
1789 4441 1909 4506 tectius

265 4537 297 4580 ut
317 4523 344 4580 id
363 4521 443 4579 hodie
464 4523 621 4595 admiseris,
647 4525 704 4586 sive
731 4539 776 4592 per
793 4537 995 4593 procuratorem
1022 4543 1069 4598 po-
1098 4525 1130 4581 ds
1141 4531 1208 4603 jure
1225 4528 1335 4586 risendi
1352 4544 1408 4600 cap.
1464 4523 1560 4584 .Bort
1582 4533 1776 4579 narraveram
1802 4532 1860 4586 cap.
1879 4519 1908 4588 4.

264 4595 348 4653 tuerit
367 4591 444 4649 litem
461 4594 661 4665 administrare,
670 4595 727 4650 sive
744 4597 798 4663 ipse
815 4612 843 4654 se
861 4607 1016 4665 presentem
1033 4598 1069 4654 si·
1099 4617 1144 4654 nu.
1159 4595 1401 4731 &addemme
1454 4595 1645 4662 .Antsrerpie
1662 4593 1706 4646 tit.
1725 4601 1770 4660 27.
1788 4606 1843 4644 arr.
1862 4603 1907 4660 27.

265 4678 336 4726 store
352 4661 497 4724 obstridlus
513 4666 569 4732 sits
586 4668 682 4734 quippe
698 4681 753 4734 quo
775 4679 839 4722 casu
865 4669 1069 4725 acontumacia
1098 4663 1142 4724 28.
1211 4671 1277 4744 seqq.
1304 4671 1495 4729 Christineum
1514 4665 1592 4724 adl
1623 4701 1629 4715 .
1657 4659 1907 4718 Methimannum

266 4733 338 4794 haud
357 4733 428 4792 foret
446 4737 619 4809 excusandus,
636 4739 659 4792 si
676 4751 708 4791 ee
724 4746 833 4791 tantum
849 4731 926 4810 lege,
944 4753 979 4794 ne
995 4755 1068 4796 arre-
1098 4755 1187 4798 aare.
1236 4741 1358 4800 .rinton.
1370 4739 1491 4799 Fabrum
1503 4736 1561 4794 Cod.
1572 4685 1621 4793 1ὶῖ
1629 4728 1848 4803 partieipia.
1860 4730 1906 4788 50.

248 4805 309 4877 '⁶¹9
324 4807 499 4882 detineretur,
517 4807 559 4870 sui
576 4811 680 4880 coptam
697 4800 784 4870 facere
801 4819 908 4881 piranis
923 4819 1012 4881 tiittj
1026 4809 1069 4870 uti
1098 4805 1187 4874 Hem.
1229 4814 1235 4828 '
1257 4810 1333 4871 schot
1343 4811 1514 4883 derercrr'ptir
1520 4813 1616 4884 gratia
1634 4803 1747 4861 rraita..
1760 4799 1788 4861 5.
1803 4799 1908 4874 rafim.
