<?xml version="1.0" encoding="UTF-8"?>
<!DOCTYPE html PUBLIC "-//W3C//DTD XHTML 1.0 Transitional//EN"
    "http://www.w3.org/TR/xhtml1/DTD/xhtml1-transitional.dtd">
<html xmlns="http://www.w3.org/1999/xhtml" xml:lang="en" lang="en">
 <head>
  <title>
</title>
<meta http-equiv="Content-Type" content="text/html;charset=utf-8" />
  <meta name='ocr-system' content='tesseract 3.04.00' />
  <meta name='ocr-capabilities' content='ocr_page ocr_carea ocr_par ocr_line ocrx_word'/>
</head>
<body>
  <div class='ocr_page' id='page_1' title='image "./joannisvoetcomm00voetgoog_0647.png"; bbox 0 0 4012 5344; ppageno 0'>
   <div class='ocr_carea' id='block_1_1' title="bbox 87 159 1843 4192">
    <p class='ocr_par' dir='ltr' id='par_1_1' title="bbox 87 159 1843 4192">
     <span class='ocr_line' id='line_1_1' title="bbox 207 159 1752 250; baseline 0 -20"><span class='ocrx_word' id='word_1_1' title='bbox 207 243 210 248; x_wconf 21' lang='lat'><strong>¹</strong></span> <span class='ocrx_word' id='word_1_2' title='bbox 650 225 659 242; x_wconf 81' lang='grc'><strong>,</strong></span> <span class='ocrx_word' id='word_1_3' title='bbox 726 235 732 242; x_wconf 71' lang='grc'><em>,</em></span> <span class='ocrx_word' id='word_1_4' title='bbox 784 165 931 250; x_wconf 79' lang='lat' dir='ltr'>Deposui</span> <span class='ocrx_word' id='word_1_5' title='bbox 950 162 1000 240; x_wconf 74' lang='lat' dir='ltr'>trel</span> <span class='ocrx_word' id='word_1_6' title='bbox 1015 175 1138 238; x_wconf 81' lang='lat' dir='ltr'>castra.</span> <span class='ocrx_word' id='word_1_7' title='bbox 1432 160 1434 164; x_wconf 80' lang='grc'><strong>’</strong></span> <span class='ocrx_word' id='word_1_8' title='bbox 1671 159 1752 240; x_wconf 71' lang='lat' dir='ltr'>ssd</span> 
     </span>
     <span class='ocr_line' id='line_1_2' title="bbox 153 243 1808 334; baseline -0.002 -18"><span class='ocrx_word' id='word_1_9' title='bbox 153 255 172 316; x_wconf 79' lang='grc' dir='ltr'><strong>Ι</strong></span> <span class='ocrx_word' id='word_1_10' title='bbox 191 251 255 316; x_wconf 83' lang='lat' dir='ltr'>certi</span> <span class='ocrx_word' id='word_1_11' title='bbox 273 251 443 328; x_wconf 68' lang='lat' dir='ltr'>erudiiiiop</span> <span class='ocrx_word' id='word_1_12' title='bbox 460 243 488 326; x_wconf 70' lang='lat' dir='ltr'>d.</span> <span class='ocrx_word' id='word_1_13' title='bbox 505 249 555 314; x_wconf 84' lang='lat' dir='ltr'>uir.</span> <span class='ocrx_word' id='word_1_14' title='bbox 574 251 594 310; x_wconf 94' lang='grc' dir='ltr'><strong>Ι.</strong></span> <span class='ocrx_word' id='word_1_15' title='bbox 614 265 658 314; x_wconf 86' lang='lat' dir='ltr'>to.</span> <span class='ocrx_word' id='word_1_16' title='bbox 668 247 713 330; x_wconf 70' lang='lat' dir='ltr'>ff,</span> <span class='ocrx_word' id='word_1_17' title='bbox 735 249 860 322; x_wconf 76' lang='lat' dir='ltr'>derebus</span> <span class='ocrx_word' id='word_1_18' title='bbox 877 255 962 316; x_wconf 82' lang='lat' dir='ltr'>credi·</span> <span class='ocrx_word' id='word_1_19' title='bbox 994 259 1072 334; x_wconf 71' lang='lat' dir='ltr'>eulpa</span> <span class='ocrx_word' id='word_1_20' title='bbox 1090 269 1206 316; x_wconf 75' lang='lat' dir='ltr'>vmuurn</span> <span class='ocrx_word' id='word_1_21' title='bbox 1223 247 1311 328; x_wconf 85' lang='lat' dir='ltr'>foret,</span> <span class='ocrx_word' id='word_1_22' title='bbox 1327 252 1347 316; x_wconf 89' lang='lat' dir='ltr'>l.</span> <span class='ocrx_word' id='word_1_23' title='bbox 1364 251 1394 312; x_wconf 84' lang='lat' dir='ltr'>ir</span> <span class='ocrx_word' id='word_1_24' title='bbox 1419 272 1448 312; x_wconf 85' lang='lat' dir='ltr'>re</span> <span class='ocrx_word' id='word_1_25' title='bbox 1464 251 1602 314; x_wconf 75' lang='lat' dir='ltr'>mandare</span> <span class='ocrx_word' id='word_1_26' title='bbox 1618 269 1661 316; x_wconf 82' lang='lat' dir='ltr'>ar.</span> <span class='ocrx_word' id='word_1_27' title='bbox 1681 256 1710 319; x_wconf 84' lang='lat' dir='ltr'><strong><em>C.</em></strong></span> <span class='ocrx_word' id='word_1_28' title='bbox 1728 275 1808 324; x_wconf 55' lang='lat' dir='ltr'>mare</span> 
     </span>
     <span class='ocr_line' id='line_1_3' title="bbox 149 321 1811 400; baseline -0.002 -13"><span class='ocrx_word' id='word_1_29' title='bbox 149 330 198 387; x_wconf 79' lang='lat' dir='ltr'>sir.</span> <span class='ocrx_word' id='word_1_30' title='bbox 218 325 300 388; x_wconf 83' lang='lat' dir='ltr'>l&#39;lurt</span> <span class='ocrx_word' id='word_1_31' title='bbox 319 325 421 384; x_wconf 79' lang='lat' dir='ltr'>scilicet</span> <span class='ocrx_word' id='word_1_32' title='bbox 438 324 469 382; x_wconf 87' lang='lat' dir='ltr'>in</span> <span class='ocrx_word' id='word_1_33' title='bbox 487 321 545 397; x_wconf 78' lang='lat' dir='ltr'>jure</span> <span class='ocrx_word' id='word_1_34' title='bbox 563 335 657 383; x_wconf 85' lang='lat' dir='ltr'>nostro</span> <span class='ocrx_word' id='word_1_35' title='bbox 674 323 748 384; x_wconf 86' lang='lat' dir='ltr'>aliud</span> <span class='ocrx_word' id='word_1_36' title='bbox 765 340 924 400; x_wconf 70' lang='lat' dir='ltr'>operantur,</span> <span class='ocrx_word' id='word_1_37' title='bbox 941 329 965 386; x_wconf 90' lang='lat' dir='ltr'>si</span> <span class='ocrx_word' id='word_1_38' title='bbox 994 329 1063 391; x_wconf 77' lang='lat' dir='ltr'>dari.</span> <span class='ocrx_word' id='word_1_39' title='bbox 1081 324 1143 391; x_wconf 90' lang='lat' dir='ltr'>Nec</span> <span class='ocrx_word' id='word_1_40' title='bbox 1161 329 1275 385; x_wconf 83' lang='lat' dir='ltr'>interest</span> <span class='ocrx_word' id='word_1_41' title='bbox 1298 325 1409 395; x_wconf 83' lang='lat' dir='ltr'>propriae</span> <span class='ocrx_word' id='word_1_42' title='bbox 1424 341 1466 394; x_wconf 76' lang='lat' dir='ltr'>ree</span> <span class='ocrx_word' id='word_1_43' title='bbox 1483 327 1539 384; x_wconf 88' lang='lat' dir='ltr'>sint</span> <span class='ocrx_word' id='word_1_44' title='bbox 1549 369 1560 398; x_wconf 91' lang='lat'>,</span> <span class='ocrx_word' id='word_1_45' title='bbox 1588 344 1624 383; x_wconf 86' lang='lat' dir='ltr'>an</span> <span class='ocrx_word' id='word_1_46' title='bbox 1643 324 1758 396; x_wconf 77' lang='lat' dir='ltr'>aliena,</span> <span class='ocrx_word' id='word_1_47' title='bbox 1776 344 1811 396; x_wconf 76' lang='lat' dir='ltr'>eo</span> 
     </span>
     <span class='ocr_line' id='line_1_4' title="bbox 151 391 1809 474; baseline -0.002 -18"><span class='ocrx_word' id='word_1_48' title='bbox 151 415 275 468; x_wconf 62' lang='lat' dir='ltr'>expressa</span> <span class='ocrx_word' id='word_1_49' title='bbox 292 391 393 457; x_wconf 85' lang='lat' dir='ltr'>fuerint</span> <span class='ocrx_word' id='word_1_50' title='bbox 402 438 412 472; x_wconf 90' lang='lat'>,</span> <span class='ocrx_word' id='word_1_51' title='bbox 426 411 482 464; x_wconf 79' lang='lat' dir='ltr'>qua</span> <span class='ocrx_word' id='word_1_52' title='bbox 501 393 590 470; x_wconf 85' lang='lat' dir='ltr'>verbis</span> <span class='ocrx_word' id='word_1_53' title='bbox 607 391 904 464; x_wconf 78' lang='lat' dir='ltr'>idemsignificantibus</span> <span class='ocrx_word' id='word_1_54' title='bbox 921 402 967 458; x_wconf 61' lang='lat' dir='ltr'>in-⁴</span> <span class='ocrx_word' id='word_1_55' title='bbox 1011 401 1066 460; x_wconf 84' lang='lat' dir='ltr'>uod</span> <span class='ocrx_word' id='word_1_56' title='bbox 1081 397 1237 474; x_wconf 80' lang='lat' dir='ltr'>dominium</span> <span class='ocrx_word' id='word_1_57' title='bbox 1246 412 1303 453; x_wconf 88' lang='lat' dir='ltr'>nou</span> <span class='ocrx_word' id='word_1_58' title='bbox 1322 394 1436 467; x_wconf 62' lang='lat' dir='ltr'>transite</span> <span class='ocrx_word' id='word_1_59' title='bbox 1452 396 1521 454; x_wconf 79' lang='lat' dir='ltr'>adeo</span> <span class='ocrx_word' id='word_1_60' title='bbox 1537 409 1567 467; x_wconf 83' lang='lat' dir='ltr'>ut</span> <span class='ocrx_word' id='word_1_61' title='bbox 1584 397 1613 456; x_wconf 77' lang='lat' dir='ltr'>u</span> <span class='ocrx_word' id='word_1_62' title='bbox 1632 393 1676 456; x_wconf 86' lang='lat' dir='ltr'>lut</span> <span class='ocrx_word' id='word_1_63' title='bbox 1693 415 1725 453; x_wconf 88' lang='lat' dir='ltr'>ac</span> <span class='ocrx_word' id='word_1_64' title='bbox 1743 415 1809 468; x_wconf 66' lang='lat' dir='ltr'>pru-</span> 
     </span>
     <span class='ocr_line' id='line_1_5' title="bbox 153 419 1806 541; baseline -0.002 -16"><span class='ocrx_word' id='word_1_65' title='bbox 153 469 246 527; x_wconf 83' lang='lat' dir='ltr'>voluta</span> <span class='ocrx_word' id='word_1_66' title='bbox 272 481 303 524; x_wconf 83' lang='lat' dir='ltr'>ac</span> <span class='ocrx_word' id='word_1_67' title='bbox 327 460 417 539; x_wconf 75' lang='lat' dir='ltr'>reeta,</span> <span class='ocrx_word' id='word_1_68' title='bbox 443 466 529 524; x_wconf 87' lang='lat' dir='ltr'>alium</span> <span class='ocrx_word' id='word_1_69' title='bbox 554 461 677 524; x_wconf 86' lang='lat' dir='ltr'>effectum</span> <span class='ocrx_word' id='word_1_70' title='bbox 704 463 862 538; x_wconf 68' lang='lat' dir='ltr'>habentes</span> <span class='ocrx_word' id='word_1_71' title='bbox 932 485 965 527; x_wconf 84' lang='lat' dir='ltr'>ue</span> <span class='ocrx_word' id='word_1_72' title='bbox 994 419 1031 530; x_wconf 77' lang='lat' dir='ltr'>do</span> <span class='ocrx_word' id='word_1_73' title='bbox 1048 471 1183 541; x_wconf 83' lang='lat' dir='ltr'>deponere</span> <span class='ocrx_word' id='word_1_74' title='bbox 1200 467 1303 540; x_wconf 87' lang='lat' dir='ltr'>possit,</span> <span class='ocrx_word' id='word_1_75' title='bbox 1320 457 1339 523; x_wconf 90' lang='grc' dir='ltr'><strong>Ι.</strong></span> <span class='ocrx_word' id='word_1_76' title='bbox 1360 484 1383 524; x_wconf 87' lang='grc' dir='ltr'><strong>ι.</strong></span> <span class='ocrx_word' id='word_1_77' title='bbox 1401 457 1427 537; x_wconf 83' lang='lat'><strong><em>§.</em></strong></span> <span class='ocrx_word' id='word_1_78' title='bbox 1447 467 1471 522; x_wconf 87' lang='lat' dir='ltr'>si</span> <span class='ocrx_word' id='word_1_79' title='bbox 1484 465 1569 538; x_wconf 75' lang='lat' dir='ltr'>predo</span> <span class='ocrx_word' id='word_1_80' title='bbox 1587 459 1630 540; x_wconf 64' lang='lat'>39,</span> <span class='ocrx_word' id='word_1_81' title='bbox 1649 467 1668 525; x_wconf 92' lang='grc' dir='ltr'><strong>Ι.</strong></span> <span class='ocrx_word' id='word_1_82' title='bbox 1685 458 1753 536; x_wconf 78' lang='lat' dir='ltr'>bara</span> <span class='ocrx_word' id='word_1_83' title='bbox 1764 465 1806 540; x_wconf 76' lang='lat' dir='ltr'>fi-</span> 
     </span>
     <span class='ocr_line' id='line_1_6' title="bbox 154 528 1807 620; baseline -0.003 -23"><span class='ocrx_word' id='word_1_84' title='bbox 154 549 250 598; x_wconf 81' lang='lat' dir='ltr'>manet</span> <span class='ocrx_word' id='word_1_85' title='bbox 267 535 430 610; x_wconf 85' lang='lat' dir='ltr'>depositum,</span> <span class='ocrx_word' id='word_1_86' title='bbox 447 538 470 593; x_wconf 89' lang='lat' dir='ltr'>si</span> <span class='ocrx_word' id='word_1_87' title='bbox 479 538 509 596; x_wconf 87' lang='lat' dir='ltr'>id</span> <span class='ocrx_word' id='word_1_88' title='bbox 526 549 634 610; x_wconf 84' lang='lat' dir='ltr'>agatur,</span> <span class='ocrx_word' id='word_1_89' title='bbox 643 551 673 595; x_wconf 93' lang='lat' dir='ltr'>ut</span> <span class='ocrx_word' id='word_1_90' title='bbox 683 535 854 594; x_wconf 80' lang='lat' dir='ltr'>tantumdem</span> <span class='ocrx_word' id='word_1_91' title='bbox 872 556 885 594; x_wconf 93' lang='lat' dir='ltr'>r</span> <span class='ocrx_word' id='word_1_92' title='bbox 937 553 966 592; x_wconf 64' lang='lat' dir='ltr'>tv</span> <span class='ocrx_word' id='word_1_93' title='bbox 995 541 1039 598; x_wconf 81' lang='lat' dir='ltr'>der</span> <span class='ocrx_word' id='word_1_94' title='bbox 1056 536 1101 602; x_wconf 80' lang='lat'>51.</span> <span class='ocrx_word' id='word_1_95' title='bbox 1119 532 1146 620; x_wconf 80' lang='lat'><em>§</em></span> <span class='ocrx_word' id='word_1_96' title='bbox 1168 528 1243 616; x_wconf 64' lang='lat' dir='ltr'>uff-</span> <span class='ocrx_word' id='word_1_97' title='bbox 1260 533 1288 592; x_wconf 82' lang='lat' dir='ltr'>b.</span> <span class='ocrx_word' id='word_1_98' title='bbox 1306 550 1327 596; x_wconf 89' lang='lat' dir='ltr'>t.</span> <span class='ocrx_word' id='word_1_99' title='bbox 1346 535 1652 609; x_wconf 70' lang='lat' dir='ltr'>&amp;creditor-pignus„l.</span> <span class='ocrx_word' id='word_1_100' title='bbox 1667 540 1758 612; x_wconf 72' lang='lat' dir='ltr'>pipam</span> <span class='ocrx_word' id='word_1_101' title='bbox 1777 538 1807 598; x_wconf 81' lang='lat' dir='ltr'>ire</span> 
     </span>
     <span class='ocr_line' id='line_1_7' title="bbox 154 601 1808 690; baseline 0.004 -26"><span class='ocrx_word' id='word_1_102' title='bbox 154 613 211 682; x_wconf 85' lang='lat' dir='ltr'>tur,</span> <span class='ocrx_word' id='word_1_103' title='bbox 228 609 350 678; x_wconf 84' lang='lat' dir='ltr'>quamvis</span> <span class='ocrx_word' id='word_1_104' title='bbox 367 605 432 666; x_wconf 83' lang='lat' dir='ltr'>huic</span> <span class='ocrx_word' id='word_1_105' title='bbox 444 601 637 665; x_wconf 79' lang='lat' dir='ltr'>formulaeinsit</span> <span class='ocrx_word' id='word_1_106' title='bbox 650 607 744 665; x_wconf 92' lang='lat' dir='ltr'>utendi</span> <span class='ocrx_word' id='word_1_107' title='bbox 761 605 888 674; x_wconf 87' lang='lat' dir='ltr'>licentia;</span> <span class='ocrx_word' id='word_1_108' title='bbox 906 623 966 663; x_wconf 87' lang='lat' dir='ltr'>mu·</span> <span class='ocrx_word' id='word_1_109' title='bbox 996 610 1069 670; x_wconf 74' lang='lat' dir='ltr'>bonis</span> <span class='ocrx_word' id='word_1_110' title='bbox 1086 623 1114 690; x_wconf 82' lang='lat'><strong><em>9.</em></strong></span> <span class='ocrx_word' id='word_1_111' title='bbox 1132 610 1159 666; x_wconf 87' lang='lat' dir='ltr'>C.</span> <span class='ocrx_word' id='word_1_112' title='bbox 1169 605 1336 686; x_wconf 82' lang='lat' dir='ltr'>depigrrrrar.</span> <span class='ocrx_word' id='word_1_113' title='bbox 1346 605 1401 664; x_wconf 75' lang='lat' dir='ltr'>aii.</span> <span class='ocrx_word' id='word_1_114' title='bbox 1412 623 1443 664; x_wconf 84' lang='lat' dir='ltr'>ac</span> <span class='ocrx_word' id='word_1_115' title='bbox 1451 605 1630 677; x_wconf 83' lang='lat' dir='ltr'>depositarius</span> <span class='ocrx_word' id='word_1_116' title='bbox 1646 623 1704 676; x_wconf 77' lang='lat' dir='ltr'>rem</span> <span class='ocrx_word' id='word_1_117' title='bbox 1720 609 1808 676; x_wconf 56' lang='lat' dir='ltr'>iustus</span> 
     </span>
     <span class='ocr_line' id='line_1_8' title="bbox 144 673 1811 760; baseline -0.001 -22"><span class='ocrx_word' id='word_1_118' title='bbox 144 692 236 746; x_wconf 75' lang='lat' dir='ltr'>‚tuum</span> <span class='ocrx_word' id='word_1_119' title='bbox 255 677 318 749; x_wconf 78' lang='lat' dir='ltr'>tien,</span> <span class='ocrx_word' id='word_1_120' title='bbox 335 675 383 738; x_wconf 89' lang='lat' dir='ltr'>ubi</span> <span class='ocrx_word' id='word_1_121' title='bbox 400 679 566 735; x_wconf 85' lang='lat' dir='ltr'>nominatim</span> <span class='ocrx_word' id='word_1_122' title='bbox 583 677 749 760; x_wconf 68' lang='lat' dir='ltr'>deessemus</span> <span class='ocrx_word' id='word_1_123' title='bbox 775 677 900 749; x_wconf 78' lang='lat' dir='ltr'>deposita</span> <span class='ocrx_word' id='word_1_124' title='bbox 918 694 967 734; x_wconf 89' lang='lat' dir='ltr'>usu</span> <span class='ocrx_word' id='word_1_125' title='bbox 996 682 1069 753; x_wconf 87' lang='lat' dir='ltr'>apud</span> <span class='ocrx_word' id='word_1_126' title='bbox 1080 677 1291 748; x_wconf 79' lang='lat' dir='ltr'>sedepositam,</span> <span class='ocrx_word' id='word_1_127' title='bbox 1309 676 1329 743; x_wconf 87' lang='lat' dir='ltr'>l,</span> <span class='ocrx_word' id='word_1_128' title='bbox 1348 676 1372 732; x_wconf 85' lang='lat' dir='ltr'>si</span> <span class='ocrx_word' id='word_1_129' title='bbox 1388 678 1420 746; x_wconf 86' lang='lat' dir='ltr'>is,</span> <span class='ocrx_word' id='word_1_130' title='bbox 1439 673 1602 750; x_wconf 75' lang='lat' dir='ltr'>apudr6.ffi</span> <span class='ocrx_word' id='word_1_131' title='bbox 1620 674 1646 744; x_wconf 81' lang='lat' dir='ltr'>i.</span> <span class='ocrx_word' id='word_1_132' title='bbox 1664 693 1692 740; x_wconf 76' lang='lat' dir='ltr'>r..</span> <span class='ocrx_word' id='word_1_133' title='bbox 1703 674 1734 746; x_wconf 86' lang='lat' dir='ltr'>Si</span> <span class='ocrx_word' id='word_1_134' title='bbox 1752 693 1811 742; x_wconf 86' lang='lat' dir='ltr'>mq-</span> 
     </span>
     <span class='ocr_line' id='line_1_9' title="bbox 154 745 1834 821; baseline -0.005 -13"><span class='ocrx_word' id='word_1_135' title='bbox 154 753 298 821; x_wconf 83' lang='lat' dir='ltr'>convenit,</span> <span class='ocrx_word' id='word_1_136' title='bbox 315 748 342 804; x_wconf 89' lang='lat' dir='ltr'>d.</span> <span class='ocrx_word' id='word_1_137' title='bbox 360 747 401 805; x_wconf 91' lang='grc' dir='ltr'><strong>ΙΙ..</strong></span> <span class='ocrx_word' id='word_1_138' title='bbox 490 803 493 812; x_wconf 81' lang='grc'>,</span> <span class='ocrx_word' id='word_1_139' title='bbox 618 765 623 778; x_wconf 89' lang='lat'><em>·</em></span> <span class='ocrx_word' id='word_1_140' title='bbox 782 771 786 780; x_wconf 92' lang='lat'><strong>·</strong></span> <span class='ocrx_word' id='word_1_141' title='bbox 996 753 1180 812; x_wconf 84' lang='lat' dir='ltr'>do&#39;idunum</span> <span class='ocrx_word' id='word_1_142' title='bbox 1201 761 1351 817; x_wconf 87' lang='lat' dir='ltr'>caveatur,</span> <span class='ocrx_word' id='word_1_143' title='bbox 1378 749 1490 816; x_wconf 81' lang='lat' dir='ltr'>nequis</span> <span class='ocrx_word' id='word_1_144' title='bbox 1517 745 1636 819; x_wconf 88' lang='lat' dir='ltr'>alienam</span> <span class='ocrx_word' id='word_1_145' title='bbox 1653 764 1711 820; x_wconf 84' lang='lat' dir='ltr'>rem</span> <span class='ocrx_word' id='word_1_146' title='bbox 1738 747 1834 816; x_wconf 83' lang='lat' dir='ltr'>apud.</span> 
     </span>
     <span class='ocr_line' id='line_1_10' title="bbox 93 815 1810 893; baseline -0.002 -17"><span class='ocrx_word' id='word_1_147' title='bbox 93 861 96 876; x_wconf 89' lang='lat'><strong><em>.</em></strong></span> <span class='ocrx_word' id='word_1_148' title='bbox 165 839 168 846; x_wconf 91' lang='lat'>·</span> <span class='ocrx_word' id='word_1_149' title='bbox 192 823 218 880; x_wconf 77' lang='lat' dir='ltr'>a.</span> <span class='ocrx_word' id='word_1_150' title='bbox 237 817 315 884; x_wconf 82' lang='lat' dir='ltr'>Licet</span> <span class='ocrx_word' id='word_1_151' title='bbox 332 832 423 878; x_wconf 88' lang='lat' dir='ltr'>autem</span> <span class='ocrx_word' id='word_1_152' title='bbox 451 817 600 888; x_wconf 85' lang='lat' dir='ltr'>depositum</span> <span class='ocrx_word' id='word_1_153' title='bbox 629 817 783 893; x_wconf 78' lang='lat' dir='ltr'>plenamque</span> <span class='ocrx_word' id='word_1_154' title='bbox 808 815 968 888; x_wconf 86' lang='lat' dir='ltr'>deponentis</span> <span class='ocrx_word' id='word_1_155' title='bbox 998 825 1084 892; x_wconf 74' lang='lat' dir='ltr'>ipsum</span> <span class='ocrx_word' id='word_1_156' title='bbox 1100 821 1218 891; x_wconf 80' lang='lat' dir='ltr'>deponat</span> <span class='ocrx_word' id='word_1_157' title='bbox 1227 816 1268 874; x_wconf 82' lang='lat' dir='ltr'>rei</span> <span class='ocrx_word' id='word_1_158' title='bbox 1285 817 1425 876; x_wconf 89' lang='lat' dir='ltr'>dominum</span> <span class='ocrx_word' id='word_1_159' title='bbox 1435 835 1447 881; x_wconf 91' lang='lat'>,·</span> <span class='ocrx_word' id='word_1_160' title='bbox 1465 829 1494 874; x_wconf 90' lang='lat' dir='ltr'>ut</span> <span class='ocrx_word' id='word_1_161' title='bbox 1511 825 1586 892; x_wconf 73' lang='lat' dir='ltr'>enim</span> <span class='ocrx_word' id='word_1_162' title='bbox 1596 836 1682 891; x_wconf 86' lang='lat' dir='ltr'>neque</span> <span class='ocrx_word' id='word_1_163' title='bbox 1699 821 1810 887; x_wconf 86' lang='lat' dir='ltr'>emptiq,</span> 
     </span>
     <span class='ocr_line' id='line_1_11' title="bbox 154 885 1810 976; baseline -0.001 -30"><span class='ocrx_word' id='word_1_164' title='bbox 154 893 237 956; x_wconf 63' lang='lat' dir='ltr'>soiius</span> <span class='ocrx_word' id='word_1_165' title='bbox 253 892 342 962; x_wconf 81' lang='lat' dir='ltr'>gratia</span> <span class='ocrx_word' id='word_1_166' title='bbox 357 885 532 968; x_wconf 77' lang='lat' dir='ltr'>ce&#39;iebretur3</span> <span class='ocrx_word' id='word_1_167' title='bbox 552 887 724 946; x_wconf 85' lang='lat' dir='ltr'>nihiitamen</span> <span class='ocrx_word' id='word_1_168' title='bbox 742 901 828 960; x_wconf 82' lang='lat' dir='ltr'>vetat,</span> <span class='ocrx_word' id='word_1_169' title='bbox 844 904 898 964; x_wconf 88' lang='lat' dir='ltr'>quo</span> <span class='ocrx_word' id='word_1_170' title='bbox 916 890 968 941; x_wconf 85' lang='lat' dir='ltr'>mi·</span> <span class='ocrx_word' id='word_1_171' title='bbox 998 911 1084 966; x_wconf 90' lang='lat' dir='ltr'>neque</span> <span class='ocrx_word' id='word_1_172' title='bbox 1101 889 1273 976; x_wconf 84' lang='lat' dir='ltr'>precarium,</span> <span class='ocrx_word' id='word_1_173' title='bbox 1291 901 1376 955; x_wconf 88' lang='lat' dir='ltr'>neque</span> <span class='ocrx_word' id='word_1_174' title='bbox 1393 887 1508 960; x_wconf 83' lang='lat' dir='ltr'>pignus,</span> <span class='ocrx_word' id='word_1_175' title='bbox 1531 895 1570 958; x_wconf 81' lang='lat' dir='ltr'>ita</span> <span class='ocrx_word' id='word_1_176' title='bbox 1589 906 1638 946; x_wconf 87' lang='lat' dir='ltr'>nec</span> <span class='ocrx_word' id='word_1_177' title='bbox 1655 888 1810 954; x_wconf 87' lang='lat' dir='ltr'>depositum</span> 
     </span>
     <span class='ocr_line' id='line_1_12' title="bbox 140 947 1812 1034; baseline -0.004 -14"><span class='ocrx_word' id='word_1_178' title='bbox 140 967 215 1032; x_wconf 73' lang='lat' dir='ltr'>[nus</span> <span class='ocrx_word' id='word_1_179' title='bbox 232 959 355 1028; x_wconf 83' lang='lat' dir='ltr'>exemplo</span> <span class='ocrx_word' id='word_1_180' title='bbox 372 958 495 1016; x_wconf 81' lang='lat' dir='ltr'>mandati</span> <span class='ocrx_word' id='word_1_181' title='bbox 514 961 596 1014; x_wconf 84' lang='lat' dir='ltr'>etiam</span> <span class='ocrx_word' id='word_1_182' title='bbox 615 960 773 1030; x_wconf 83' lang='lat' dir='ltr'>quandoque</span> <span class='ocrx_word' id='word_1_183' title='bbox 790 960 968 1030; x_wconf 83' lang='lat' dir='ltr'>deponentis,</span> <span class='ocrx_word' id='word_1_184' title='bbox 998 981 1050 1022; x_wconf 81' lang='lat' dir='ltr'>sua</span> <span class='ocrx_word' id='word_1_185' title='bbox 1068 978 1110 1020; x_wconf 76' lang='lat' dir='ltr'>rei</span> <span class='ocrx_word' id='word_1_186' title='bbox 1127 957 1276 1017; x_wconf 76' lang='lat' dir='ltr'>consistere</span> <span class='ocrx_word' id='word_1_187' title='bbox 1294 968 1405 1026; x_wconf 88' lang='lat' dir='ltr'>potest,</span> <span class='ocrx_word' id='word_1_188' title='bbox 1422 959 1443 1015; x_wconf 92' lang='grc' dir='ltr'><strong>Ι.</strong></span> <span class='ocrx_word' id='word_1_189' title='bbox 1462 978 1543 1030; x_wconf 82' lang='lat' dir='ltr'>neque</span> <span class='ocrx_word' id='word_1_190' title='bbox 1557 963 1649 1034; x_wconf 64' lang='lat' dir='ltr'>pigrus</span> <span class='ocrx_word' id='word_1_191' title='bbox 1666 955 1710 1026; x_wconf 78' lang='lat' dir='ltr'>ts.</span> <span class='ocrx_word' id='word_1_192' title='bbox 1727 955 1760 1028; x_wconf 86' lang='lat' dir='ltr'><strong><em>ff.</em></strong></span> <span class='ocrx_word' id='word_1_193' title='bbox 1780 947 1812 1012; x_wconf 74' lang='lat' dir='ltr'>dr</span> 
     </span>
     <span class='ocr_line' id='line_1_13' title="bbox 160 1025 1812 1108; baseline -0.002 -20"><span class='ocrx_word' id='word_1_194' title='bbox 160 1037 189 1094; x_wconf 72' lang='grc' dir='ltr'>ἃ</span> <span class='ocrx_word' id='word_1_195' title='bbox 207 1032 372 1100; x_wconf 80' lang='lat' dir='ltr'>depositarii,</span> <span class='ocrx_word' id='word_1_196' title='bbox 391 1028 611 1098; x_wconf 89' lang='lat' dir='ltr'>vei-deponentis</span> <span class='ocrx_word' id='word_1_197' title='bbox 628 1033 656 1089; x_wconf 78' lang='lat' dir='ltr'>dr</span> <span class='ocrx_word' id='word_1_198' title='bbox 672 1029 758 1100; x_wconf 89' lang='lat' dir='ltr'>tertii,</span> <span class='ocrx_word' id='word_1_199' title='bbox 775 1029 817 1088; x_wconf 86' lang='lat' dir='ltr'>vel</span> <span class='ocrx_word' id='word_1_200' title='bbox 832 1027 968 1096; x_wconf 83' lang='lat' dir='ltr'>deposita·</span> <span class='ocrx_word' id='word_1_201' title='bbox 998 1032 1081 1108; x_wconf 68' lang='lat' dir='ltr'>ngul.</span> <span class='ocrx_word' id='word_1_202' title='bbox 1091 1029 1177 1103; x_wconf 78' lang='lat' dir='ltr'>juris,</span> <span class='ocrx_word' id='word_1_203' title='bbox 1196 1045 1245 1086; x_wconf 90' lang='lat' dir='ltr'>nec</span> <span class='ocrx_word' id='word_1_204' title='bbox 1263 1025 1317 1083; x_wconf 82' lang='lat' dir='ltr'>ulis</span> <span class='ocrx_word' id='word_1_205' title='bbox 1336 1027 1365 1082; x_wconf 88' lang='lat' dir='ltr'>in</span> <span class='ocrx_word' id='word_1_206' title='bbox 1377 1025 1531 1100; x_wconf 90' lang='lat' dir='ltr'>dominum,</span> <span class='ocrx_word' id='word_1_207' title='bbox 1547 1045 1582 1086; x_wconf 86' lang='lat' dir='ltr'>ex</span> <span class='ocrx_word' id='word_1_208' title='bbox 1600 1044 1678 1087; x_wconf 82' lang='lat' dir='ltr'>causa</span> <span class='ocrx_word' id='word_1_209' title='bbox 1695 1028 1812 1098; x_wconf 71' lang='lat' dir='ltr'>depositi</span> 
     </span>
     <span class='ocr_line' id='line_1_14' title="bbox 158 1093 1808 1174; baseline -0.004 -13"><span class='ocrx_word' id='word_1_210' title='bbox 158 1105 245 1174; x_wconf 67' lang='lat' dir='ltr'>rii&amp;</span> <span class='ocrx_word' id='word_1_211' title='bbox 266 1101 340 1158; x_wconf 87' lang='lat' dir='ltr'>tertii</span> <span class='ocrx_word' id='word_1_212' title='bbox 357 1097 461 1156; x_wconf 88' lang='lat' dir='ltr'>utilitas</span> <span class='ocrx_word' id='word_1_213' title='bbox 475 1115 601 1167; x_wconf 85' lang='lat' dir='ltr'>apparete</span> <span class='ocrx_word' id='word_1_214' title='bbox 619 1111 706 1171; x_wconf 87' lang='lat' dir='ltr'>queat.</span> <span class='ocrx_word' id='word_1_215' title='bbox 727 1099 806 1172; x_wconf 75' lang='lat' dir='ltr'>Quin</span> <span class='ocrx_word' id='word_1_216' title='bbox 824 1101 889 1169; x_wconf 88' lang='lat' dir='ltr'>itno,</span> <span class='ocrx_word' id='word_1_217' title='bbox 907 1111 969 1153; x_wconf 89' lang='lat' dir='ltr'>cum</span> <span class='ocrx_word' id='word_1_218' title='bbox 1000 1101 1073 1166; x_wconf 79' lang='lat' dir='ltr'>forte</span> <span class='ocrx_word' id='word_1_219' title='bbox 1103 1115 1161 1158; x_wconf 90' lang='lat' dir='ltr'>rem</span> <span class='ocrx_word' id='word_1_220' title='bbox 1187 1113 1266 1154; x_wconf 84' lang='lat' dir='ltr'>suam</span> <span class='ocrx_word' id='word_1_221' title='bbox 1283 1100 1443 1168; x_wconf 80' lang='lat' dir='ltr'>ignoranter</span> <span class='ocrx_word' id='word_1_222' title='bbox 1461 1101 1520 1166; x_wconf 87' lang='lat' dir='ltr'>acci</span> <span class='ocrx_word' id='word_1_223' title='bbox 1536 1101 1657 1170; x_wconf 89' lang='lat' dir='ltr'>ientem,</span> <span class='ocrx_word' id='word_1_224' title='bbox 1678 1093 1752 1156; x_wconf 70' lang='lat' dir='ltr'>adio</span> <span class='ocrx_word' id='word_1_225' title='bbox 1768 1109 1808 1156; x_wconf 87' lang='lat' dir='ltr'>est</span> 
     </span>
     <span class='ocr_line' id='line_1_15' title="bbox 158 1118 1691 1240; baseline -0.004 -10"><span class='ocrx_word' id='word_1_226' title='bbox 158 1171 317 1230; x_wconf 89' lang='lat' dir='ltr'>mandatum</span> <span class='ocrx_word' id='word_1_227' title='bbox 335 1169 417 1228; x_wconf 89' lang='lat' dir='ltr'>sollus</span> <span class='ocrx_word' id='word_1_228' title='bbox 438 1169 604 1226; x_wconf 88' lang='lat' dir='ltr'>mandatarii</span> <span class='ocrx_word' id='word_1_229' title='bbox 621 1186 701 1226; x_wconf 89' lang='lat' dir='ltr'>causa</span> <span class='ocrx_word' id='word_1_230' title='bbox 719 1169 791 1226; x_wconf 87' lang='lat' dir='ltr'>inter</span> <span class='ocrx_word' id='word_1_231' title='bbox 827 1169 909 1225; x_wconf 86' lang='lat' dir='ltr'>situm</span> <span class='ocrx_word' id='word_1_232' title='bbox 927 1184 970 1225; x_wconf 87' lang='lat' dir='ltr'>te·</span> <span class='ocrx_word' id='word_1_233' title='bbox 999 1175 1034 1234; x_wconf 79' lang='lat' dir='ltr'>ad</span> <span class='ocrx_word' id='word_1_234' title='bbox 1051 1169 1261 1237; x_wconf 84' lang='lat' dir='ltr'>restitutionem,</span> <span class='ocrx_word' id='word_1_235' title='bbox 1278 1167 1303 1226; x_wconf 80' lang='lat' dir='ltr'>d.</span> <span class='ocrx_word' id='word_1_236' title='bbox 1323 1168 1341 1224; x_wconf 95' lang='grc' dir='ltr'><strong>Ι.</strong></span> <span class='ocrx_word' id='word_1_237' title='bbox 1359 1161 1403 1224; x_wconf 84' lang='lat'>31.</span> <span class='ocrx_word' id='word_1_238' title='bbox 1420 1163 1447 1240; x_wconf 67' lang='lat' dir='ltr'>d.</span> <span class='ocrx_word' id='word_1_239' title='bbox 1465 1171 1495 1225; x_wconf 85' lang='lat' dir='ltr'>ire</span> <span class='ocrx_word' id='word_1_240' title='bbox 1505 1118 1611 1240; x_wconf 65' lang='lat' dir='ltr'>phreffi</span> <span class='ocrx_word' id='word_1_241' title='bbox 1626 1167 1653 1226; x_wconf 88' lang='lat' dir='ltr'>b.</span> <span class='ocrx_word' id='word_1_242' title='bbox 1670 1184 1691 1225; x_wconf 90' lang='lat' dir='ltr'>r.</span> 
     </span>
     <span class='ocr_line' id='line_1_16' title="bbox 123 1229 1809 1316; baseline -0.005 -15"><span class='ocrx_word' id='word_1_243' title='bbox 123 1287 145 1312; x_wconf 73' lang='lat'>.,</span> <span class='ocrx_word' id='word_1_244' title='bbox 158 1241 302 1316; x_wconf 84' lang='lat' dir='ltr'>probatum</span> <span class='ocrx_word' id='word_1_245' title='bbox 312 1253 388 1312; x_wconf 88' lang='lat' dir='ltr'>esset,</span> <span class='ocrx_word' id='word_1_246' title='bbox 406 1229 432 1314; x_wconf 65' lang='lat' dir='ltr'>p</span> <span class='ocrx_word' id='word_1_247' title='bbox 451 1255 617 1306; x_wconf 70' lang='lat' dir='ltr'>ructantem</span> <span class='ocrx_word' id='word_1_248' title='bbox 634 1238 660 1300; x_wconf 85' lang='grc'><strong>6.</strong></span> <span class='ocrx_word' id='word_1_249' title='bbox 679 1241 768 1296; x_wconf 82' lang='lat' dir='ltr'>inerit..</span> <span class='ocrx_word' id='word_1_250' title='bbox 831 1235 971 1308; x_wconf 80' lang='lat' dir='ltr'>mandare,</span> <span class='ocrx_word' id='word_1_251' title='bbox 1034 1239 1061 1312; x_wconf 77' lang='grc'><strong>4.</strong></span> <span class='ocrx_word' id='word_1_252' title='bbox 1080 1237 1124 1298; x_wconf 81' lang='lat' dir='ltr'>Ex</span> <span class='ocrx_word' id='word_1_253' title='bbox 1142 1239 1199 1298; x_wconf 85' lang='lat' dir='ltr'>hoc</span> <span class='ocrx_word' id='word_1_254' title='bbox 1212 1233 1357 1295; x_wconf 71' lang='lat' dir='ltr'>contradita</span> <span class='ocrx_word' id='word_1_255' title='bbox 1373 1237 1591 1298; x_wconf 75' lang='lat' dir='ltr'>descenditadiio</span> <span class='ocrx_word' id='word_1_256' title='bbox 1608 1237 1721 1309; x_wconf 80' lang='lat' dir='ltr'>depositi</span> <span class='ocrx_word' id='word_1_257' title='bbox 1739 1235 1809 1296; x_wconf 69' lang='lat' dir='ltr'>dire.</span> 
     </span>
     <span class='ocr_line' id='line_1_17' title="bbox 159 1301 1814 1383; baseline -0.006 -11"><span class='ocrx_word' id='word_1_258' title='bbox 159 1315 311 1383; x_wconf 90' lang='lat' dir='ltr'>depositum</span> <span class='ocrx_word' id='word_1_259' title='bbox 337 1324 433 1376; x_wconf 84' lang='lat' dir='ltr'>tamen</span> <span class='ocrx_word' id='word_1_260' title='bbox 460 1311 490 1366; x_wconf 88' lang='lat' dir='ltr'>in</span> <span class='ocrx_word' id='word_1_261' title='bbox 508 1309 664 1376; x_wconf 89' lang='lat' dir='ltr'>depositarii</span> <span class='ocrx_word' id='word_1_262' title='bbox 689 1306 772 1366; x_wconf 88' lang='lat' dir='ltr'>solius</span> <span class='ocrx_word' id='word_1_263' title='bbox 799 1307 970 1364; x_wconf 86' lang='lat' dir='ltr'>connuodum</span> <span class='ocrx_word' id='word_1_264' title='bbox 1000 1310 1044 1372; x_wconf 77' lang='lat' dir='ltr'>eta</span> <span class='ocrx_word' id='word_1_265' title='bbox 1061 1308 1246 1372; x_wconf 78' lang='lat' dir='ltr'>&amp;contraria</span> <span class='ocrx_word' id='word_1_266' title='bbox 1255 1301 1368 1365; x_wconf 77' lang='lat' dir='ltr'>Dircdid</span> <span class='ocrx_word' id='word_1_267' title='bbox 1378 1305 1460 1368; x_wconf 86' lang='lat' dir='ltr'>datur</span> <span class='ocrx_word' id='word_1_268' title='bbox 1469 1308 1625 1379; x_wconf 85' lang='lat' dir='ltr'>deponenti,</span> <span class='ocrx_word' id='word_1_269' title='bbox 1642 1309 1727 1366; x_wconf 84' lang='lat' dir='ltr'>etiam</span> <span class='ocrx_word' id='word_1_270' title='bbox 1744 1326 1814 1378; x_wconf 63' lang='lat' dir='ltr'>pru·</span> 
     </span>
     <span class='ocr_line' id='line_1_18' title="bbox 158 1375 1809 1452; baseline -0.006 -7"><span class='ocrx_word' id='word_1_271' title='bbox 158 1383 221 1446; x_wconf 82' lang='lat' dir='ltr'>fieri</span> <span class='ocrx_word' id='word_1_272' title='bbox 239 1400 313 1452; x_wconf 85' lang='lat' dir='ltr'>posse</span> <span class='ocrx_word' id='word_1_273' title='bbox 331 1379 449 1450; x_wconf 83' lang='lat' dir='ltr'>placuit,</span> <span class='ocrx_word' id='word_1_274' title='bbox 466 1378 496 1434; x_wconf 89' lang='lat' dir='ltr'>in</span> <span class='ocrx_word' id='word_1_275' title='bbox 514 1376 581 1438; x_wconf 79' lang='lat' dir='ltr'>faui</span> <span class='ocrx_word' id='word_1_276' title='bbox 599 1379 703 1452; x_wconf 84' lang='lat' dir='ltr'>specie,</span> <span class='ocrx_word' id='word_1_277' title='bbox 729 1397 784 1452; x_wconf 80' lang='lat' dir='ltr'>quae</span> <span class='ocrx_word' id='word_1_278' title='bbox 802 1380 890 1438; x_wconf 85' lang='lat' dir='ltr'>estin</span> <span class='ocrx_word' id='word_1_279' title='bbox 909 1375 927 1434; x_wconf 96' lang='grc' dir='ltr'><strong>Ι.</strong></span> <span class='ocrx_word' id='word_1_280' title='bbox 948 1378 973 1431; x_wconf 87' lang='lat' dir='ltr'>ri</span> <span class='ocrx_word' id='word_1_281' title='bbox 1000 1385 1068 1443; x_wconf 89' lang='lat' dir='ltr'>doni</span> <span class='ocrx_word' id='word_1_282' title='bbox 1088 1380 1130 1444; x_wconf 83' lang='lat' dir='ltr'>vel</span> <span class='ocrx_word' id='word_1_283' title='bbox 1148 1375 1223 1446; x_wconf 74' lang='lat' dir='ltr'>furis</span> <span class='ocrx_word' id='word_1_284' title='bbox 1240 1387 1271 1437; x_wconf 85' lang='lat' dir='ltr'>ut</span> <span class='ocrx_word' id='word_1_285' title='bbox 1290 1391 1382 1452; x_wconf 86' lang='lat' dir='ltr'>tamen</span> <span class='ocrx_word' id='word_1_286' title='bbox 1400 1381 1429 1436; x_wconf 91' lang='lat' dir='ltr'>in</span> <span class='ocrx_word' id='word_1_287' title='bbox 1447 1397 1580 1438; x_wconf 85' lang='lat' dir='ltr'>concursu</span> <span class='ocrx_word' id='word_1_288' title='bbox 1597 1379 1686 1448; x_wconf 90' lang='lat' dir='ltr'>potior</span> <span class='ocrx_word' id='word_1_289' title='bbox 1703 1378 1809 1436; x_wconf 72' lang='lat' dir='ltr'>donnini</span> 
     </span>
     <span class='ocr_line' id='line_1_19' title="bbox 161 1443 1815 1528; baseline 0.001 -25"><span class='ocrx_word' id='word_1_290' title='bbox 161 1457 220 1528; x_wconf 66' lang='lat' dir='ltr'>quis</span> <span class='ocrx_word' id='word_1_291' title='bbox 238 1448 327 1516; x_wconf 63' lang='lat' dir='ltr'>need.</span> <span class='ocrx_word' id='word_1_292' title='bbox 369 1446 426 1503; x_wconf 65' lang='grc' dir='ltr'>,ΙΙ</span> <span class='ocrx_word' id='word_1_293' title='bbox 443 1447 525 1518; x_wconf 69' lang='lat' dir='ltr'>rebus¹</span> <span class='ocrx_word' id='word_1_294' title='bbox 537 1450 668 1520; x_wconf 77' lang='lat' dir='ltr'>creditis,</span> <span class='ocrx_word' id='word_1_295' title='bbox 695 1462 814 1508; x_wconf 89' lang='lat' dir='ltr'>ceterum</span> <span class='ocrx_word' id='word_1_296' title='bbox 831 1446 897 1505; x_wconf 83' lang='lat' dir='ltr'>adeo</span> <span class='ocrx_word' id='word_1_297' title='bbox 913 1461 971 1514; x_wconf 63' lang='lat' dir='ltr'>mar</span> <span class='ocrx_word' id='word_1_298' title='bbox 1002 1449 1155 1512; x_wconf 69' lang='lat' dir='ltr'>vindicant·</span> <span class='ocrx_word' id='word_1_299' title='bbox 1179 1463 1285 1526; x_wconf 83' lang='lat' dir='ltr'>,quam</span> <span class='ocrx_word' id='word_1_300' title='bbox 1304 1443 1372 1505; x_wconf 86' lang='lat' dir='ltr'>iuris</span> <span class='ocrx_word' id='word_1_301' title='bbox 1388 1465 1421 1506; x_wconf 86' lang='lat' dir='ltr'>ex</span> <span class='ocrx_word' id='word_1_302' title='bbox 1438 1449 1559 1520; x_wconf 81' lang='lat' dir='ltr'>deposito</span> <span class='ocrx_word' id='word_1_303' title='bbox 1576 1451 1718 1518; x_wconf 86' lang='lat' dir='ltr'>¹repetentis</span> <span class='ocrx_word' id='word_1_304' title='bbox 1734 1462 1815 1506; x_wconf 81' lang='lat' dir='ltr'>causa</span> 
     </span>
     <span class='ocr_line' id='line_1_20' title="bbox 158 1469 1815 1598; baseline -0.002 -19"><span class='ocrx_word' id='word_1_305' title='bbox 158 1539 247 1596; x_wconf 82' lang='lat' dir='ltr'>gnam</span> <span class='ocrx_word' id='word_1_306' title='bbox 263 1535 326 1578; x_wconf 86' lang='lat' dir='ltr'>man</span> <span class='ocrx_word' id='word_1_307' title='bbox 347 1531 423 1576; x_wconf 85' lang='lat' dir='ltr'>atum</span> <span class='ocrx_word' id='word_1_308' title='bbox 439 1534 501 1574; x_wconf 91' lang='lat' dir='ltr'>cum</span> <span class='ocrx_word' id='word_1_309' title='bbox 517 1518 641 1588; x_wconf 89' lang='lat' dir='ltr'>deposito</span> <span class='ocrx_word' id='word_1_310' title='bbox 649 1515 814 1577; x_wconf 81' lang='lat' dir='ltr'>affinitatem</span> <span class='ocrx_word' id='word_1_311' title='bbox 831 1513 923 1588; x_wconf 78' lang='lat' dir='ltr'>babet,</span> <span class='ocrx_word' id='word_1_312' title='bbox 940 1526 972 1573; x_wconf 88' lang='lat' dir='ltr'>ut</span> <span class='ocrx_word' id='word_1_313' title='bbox 1002 1523 1047 1595; x_wconf 90' lang='lat' dir='ltr'>sit,</span> <span class='ocrx_word' id='word_1_314' title='bbox 1064 1525 1082 1580; x_wconf 92' lang='grc' dir='ltr'><strong>Ι.</strong></span> <span class='ocrx_word' id='word_1_315' title='bbox 1104 1539 1127 1586; x_wconf 82' lang='lat'>1.-</span> <span class='ocrx_word' id='word_1_316' title='bbox 1145 1469 1172 1598; x_wconf 55' lang='grc' dir='ltr'><strong>ξ.</strong></span> <span class='ocrx_word' id='word_1_317' title='bbox 1190 1521 1216 1576; x_wconf 88' lang='lat' dir='ltr'>si</span> <span class='ocrx_word' id='word_1_318' title='bbox 1230 1515 1313 1589; x_wconf 80' lang='lat' dir='ltr'>predo</span> <span class='ocrx_word' id='word_1_319' title='bbox 1330 1511 1375 1590; x_wconf 72' lang='lat'>30.</span> <span class='ocrx_word' id='word_1_320' title='bbox 1395 1517 1411 1577; x_wconf 93' lang='grc' dir='ltr'><strong>Ι.</strong></span> <span class='ocrx_word' id='word_1_321' title='bbox 1430 1509 1568 1592; x_wconf 67' lang='lat' dir='ltr'>bonafide·</span> <span class='ocrx_word' id='word_1_322' title='bbox 1587 1515 1631 1576; x_wconf 83' lang='lat'>31.</span> <span class='ocrx_word' id='word_1_323' title='bbox 1649 1513 1675 1592; x_wconf 71' lang='lat' dir='ltr'>d.</span> <span class='ocrx_word' id='word_1_324' title='bbox 1696 1537 1719 1575; x_wconf 85' lang='grc' dir='ltr'><strong>ι.</strong></span> <span class='ocrx_word' id='word_1_325' title='bbox 1730 1514 1770 1597; x_wconf 79' lang='lat' dir='ltr'>ff.¹</span> <span class='ocrx_word' id='word_1_326' title='bbox 1786 1515 1815 1574; x_wconf 86' lang='lat' dir='ltr'>b.</span> 
     </span>
     <span class='ocr_line' id='line_1_21' title="bbox 163 1585 1816 1662; baseline 0.004 -14"><span class='ocrx_word' id='word_1_327' title='bbox 163 1590 311 1662; x_wconf 85' lang='lat' dir='ltr'>aliquando</span> <span class='ocrx_word' id='word_1_328' title='bbox 328 1587 439 1647; x_wconf 89' lang='lat' dir='ltr'>dubium</span> <span class='ocrx_word' id='word_1_329' title='bbox 457 1593 511 1656; x_wconf 85' lang='lat' dir='ltr'>sit,</span> <span class='ocrx_word' id='word_1_330' title='bbox 532 1601 624 1646; x_wconf 87' lang='lat' dir='ltr'>utrum</span> <span class='ocrx_word' id='word_1_331' title='bbox 641 1587 815 1656; x_wconf 87' lang='lat' dir='ltr'>mandatum,</span> <span class='ocrx_word' id='word_1_332' title='bbox 833 1606 869 1647; x_wconf 88' lang='lat' dir='ltr'>an</span> <span class='ocrx_word' id='word_1_333' title='bbox 887 1589 973 1662; x_wconf 78' lang='lat' dir='ltr'>nugis</span> <span class='ocrx_word' id='word_1_334' title='bbox 1003 1611 1025 1652; x_wconf 88' lang='lat' dir='ltr'>e.</span> <span class='ocrx_word' id='word_1_335' title='bbox 1043 1588 1135 1652; x_wconf 73' lang='lat' dir='ltr'>adhuc</span> <span class='ocrx_word' id='word_1_336' title='bbox 1153 1589 1265 1652; x_wconf 87' lang='lat' dir='ltr'>domino</span> <span class='ocrx_word' id='word_1_337' title='bbox 1282 1591 1352 1649; x_wconf 85' lang='lat' dir='ltr'>servi</span> <span class='ocrx_word' id='word_1_338' title='bbox 1369 1585 1547 1662; x_wconf 81' lang='lat' dir='ltr'>deponentis,</span> <span class='ocrx_word' id='word_1_339' title='bbox 1573 1590 1635 1658; x_wconf 89' lang='lat' dir='ltr'>licet</span> <span class='ocrx_word' id='word_1_340' title='bbox 1652 1606 1744 1646; x_wconf 82' lang='lat' dir='ltr'>servus</span> <span class='ocrx_word' id='word_1_341' title='bbox 1761 1603 1816 1657; x_wconf 66' lang='lat' dir='ltr'>tim</span> 
     </span>
     <span class='ocr_line' id='line_1_22' title="bbox 162 1650 1814 1734; baseline -0.001 -18"><span class='ocrx_word' id='word_1_342' title='bbox 162 1661 322 1734; x_wconf 77' lang='lat' dir='ltr'>depositum,</span> <span class='ocrx_word' id='word_1_343' title='bbox 340 1657 522 1716; x_wconf 76' lang='lat' dir='ltr'>intercessisse</span> <span class='ocrx_word' id='word_1_344' title='bbox 540 1657 725 1732; x_wconf 82' lang='lat' dir='ltr'>intelligatur.</span> <span class='ocrx_word' id='word_1_345' title='bbox 747 1657 811 1732; x_wconf 81' lang='lat' dir='ltr'>Qua</span> <span class='ocrx_word' id='word_1_346' title='bbox 828 1657 934 1715; x_wconf 88' lang='lat' dir='ltr'>ratione</span> <span class='ocrx_word' id='word_1_347' title='bbox 950 1655 974 1713; x_wconf 88' lang='lat' dir='ltr'>si</span> <span class='ocrx_word' id='word_1_348' title='bbox 1003 1659 1189 1720; x_wconf 76' lang='lat' dir='ltr'>manumissu-</span> <span class='ocrx_word' id='word_1_349' title='bbox 1200 1669 1249 1716; x_wconf 84' lang='lat' dir='ltr'>attt</span> <span class='ocrx_word' id='word_1_350' title='bbox 1267 1655 1398 1724; x_wconf 77' lang='lat' dir='ltr'>alienatus</span> <span class='ocrx_word' id='word_1_351' title='bbox 1416 1661 1523 1730; x_wconf 65' lang='lat' dir='ltr'>esseut</span> <span class='ocrx_word' id='word_1_352' title='bbox 1536 1679 1559 1721; x_wconf 89' lang='lat' dir='ltr'>t.</span> <span class='ocrx_word' id='word_1_353' title='bbox 1578 1655 1605 1732; x_wconf 70' lang='lat' dir='ltr'>p.</span> <span class='ocrx_word' id='word_1_354' title='bbox 1624 1662 1647 1716; x_wconf 86' lang='lat' dir='ltr'>ri</span> <span class='ocrx_word' id='word_1_355' title='bbox 1664 1679 1752 1716; x_wconf 78' lang='lat' dir='ltr'>saeuae</span> <span class='ocrx_word' id='word_1_356' title='bbox 1770 1650 1814 1724; x_wconf 68' lang='lat'>50.</span> 
     </span>
     <span class='ocr_line' id='line_1_23' title="bbox 161 1725 1816 1808; baseline -0.004 -20"><span class='ocrx_word' id='word_1_357' title='bbox 161 1729 333 1802; x_wconf 78' lang='lat' dir='ltr'>procuratori</span> <span class='ocrx_word' id='word_1_358' title='bbox 351 1729 533 1786; x_wconf 86' lang='lat' dir='ltr'>instrumenta</span> <span class='ocrx_word' id='word_1_359' title='bbox 559 1745 642 1790; x_wconf 73' lang='lat' dir='ltr'>causae</span> <span class='ocrx_word' id='word_1_360' title='bbox 659 1731 723 1788; x_wconf 82' lang='lat' dir='ltr'>data</span> <span class='ocrx_word' id='word_1_361' title='bbox 740 1737 816 1800; x_wconf 90' lang='lat' dir='ltr'>sint,</span> <span class='ocrx_word' id='word_1_362' title='bbox 841 1745 891 1786; x_wconf 90' lang='lat' dir='ltr'>nec</span> <span class='ocrx_word' id='word_1_363' title='bbox 909 1731 974 1784; x_wconf 73' lang='lat' dir='ltr'>issa</span> <span class='ocrx_word' id='word_1_364' title='bbox 997 1727 1035 1808; x_wconf 83' lang='lat' dir='ltr'><strong><em>ff.</em></strong></span> <span class='ocrx_word' id='word_1_365' title='bbox 1054 1729 1080 1788; x_wconf 89' lang='lat' dir='ltr'>b.</span> <span class='ocrx_word' id='word_1_366' title='bbox 1097 1747 1118 1788; x_wconf 82' lang='lat' dir='ltr'>e.</span> <span class='ocrx_word' id='word_1_367' title='bbox 1137 1731 1166 1788; x_wconf 80' lang='lat' dir='ltr'>dt</span> <span class='ocrx_word' id='word_1_368' title='bbox 1184 1725 1330 1786; x_wconf 81' lang='lat' dir='ltr'>hereditati</span> <span class='ocrx_word' id='word_1_369' title='bbox 1347 1726 1448 1795; x_wconf 77' lang='lat' dir='ltr'>iacenti</span> <span class='ocrx_word' id='word_1_370' title='bbox 1458 1770 1468 1801; x_wconf 95' lang='lat'>,</span> <span class='ocrx_word' id='word_1_371' title='bbox 1485 1745 1566 1802; x_wconf 84' lang='lat' dir='ltr'>atque</span> <span class='ocrx_word' id='word_1_372' title='bbox 1583 1727 1651 1788; x_wconf 87' lang='lat' dir='ltr'>adeo</span> <span class='ocrx_word' id='word_1_373' title='bbox 1669 1726 1772 1798; x_wconf 80' lang='lat' dir='ltr'>heredi,</span> <span class='ocrx_word' id='word_1_374' title='bbox 1789 1729 1816 1782; x_wconf 86' lang='lat' dir='ltr'>si</span> 
     </span>
     <span class='ocr_line' id='line_1_24' title="bbox 154 1795 1816 1872; baseline -0.002 -14"><span class='ocrx_word' id='word_1_375' title='bbox 154 1801 233 1858; x_wconf 68' lang='lat' dir='ltr'>‘mihi</span> <span class='ocrx_word' id='word_1_376' title='bbox 251 1799 355 1868; x_wconf 88' lang='lat' dir='ltr'>reddat,</span> <span class='ocrx_word' id='word_1_377' title='bbox 373 1795 500 1868; x_wconf 82' lang='lat' dir='ltr'>fuerunt,</span> <span class='ocrx_word' id='word_1_378' title='bbox 516 1799 562 1868; x_wconf 89' lang='lat' dir='ltr'>qui</span> <span class='ocrx_word' id='word_1_379' title='bbox 580 1799 776 1868; x_wconf 82' lang='lat' dir='ltr'>depositicum</span> <span class='ocrx_word' id='word_1_380' title='bbox 793 1816 825 1858; x_wconf 92' lang='lat' dir='ltr'>eo</span> <span class='ocrx_word' id='word_1_381' title='bbox 842 1798 976 1872; x_wconf 80' lang='lat' dir='ltr'>agendum</span> <span class='ocrx_word' id='word_1_382' title='bbox 1004 1820 1095 1864; x_wconf 86' lang='lat' dir='ltr'>servus</span> <span class='ocrx_word' id='word_1_383' title='bbox 1114 1797 1292 1856; x_wconf 87' lang='lat' dir='ltr'>hereditarius</span> <span class='ocrx_word' id='word_1_384' title='bbox 1309 1797 1471 1872; x_wconf 77' lang='lat' dir='ltr'>deposuerit,</span> <span class='ocrx_word' id='word_1_385' title='bbox 1488 1801 1574 1856; x_wconf 75' lang='lat' dir='ltr'>icum</span> <span class='ocrx_word' id='word_1_386' title='bbox 1593 1796 1724 1857; x_wconf 78' lang='lat' dir='ltr'>hereditas</span> <span class='ocrx_word' id='word_1_387' title='bbox 1741 1811 1768 1871; x_wconf 90' lang='lat'>9.</span> <span class='ocrx_word' id='word_1_388' title='bbox 1786 1797 1816 1860; x_wconf 82' lang='lat' dir='ltr'><strong><em>C.</em></strong></span> 
     </span>
     <span class='ocr_line' id='line_1_25' title="bbox 184 1864 1817 1941; baseline -0.004 -11"><span class='ocrx_word' id='word_1_389' title='bbox 184 1881 310 1936; x_wconf 69' lang='lat' dir='ltr'>utarunte</span> <span class='ocrx_word' id='word_1_390' title='bbox 328 1883 440 1938; x_wconf 90' lang='lat' dir='ltr'>quorum</span> <span class='ocrx_word' id='word_1_391' title='bbox 459 1875 560 1924; x_wconf 72' lang='lat' dir='ltr'>temeri</span> <span class='ocrx_word' id='word_1_392' title='bbox 571 1873 742 1941; x_wconf 83' lang='lat' dir='ltr'>sententiam,</span> <span class='ocrx_word' id='word_1_393' title='bbox 759 1882 789 1928; x_wconf 89' lang='lat' dir='ltr'>ut</span> <span class='ocrx_word' id='word_1_394' title='bbox 806 1867 896 1926; x_wconf 86' lang='lat' dir='ltr'>minus</span> <span class='ocrx_word' id='word_1_395' title='bbox 915 1883 975 1938; x_wconf 73' lang='lat' dir='ltr'>pro·</span> <span class='ocrx_word' id='word_1_396' title='bbox 1002 1872 1031 1934; x_wconf 77' lang='lat' dir='ltr'>h.</span> <span class='ocrx_word' id='word_1_397' title='bbox 1048 1888 1071 1929; x_wconf 88' lang='lat' dir='ltr'>r.</span> <span class='ocrx_word' id='word_1_398' title='bbox 1090 1864 1154 1928; x_wconf 82' lang='lat' dir='ltr'>lisco</span> <span class='ocrx_word' id='word_1_399' title='bbox 1171 1885 1286 1940; x_wconf 89' lang='lat' dir='ltr'>quoque,</span> <span class='ocrx_word' id='word_1_400' title='bbox 1303 1869 1326 1923; x_wconf 84' lang='lat' dir='ltr'>si</span> <span class='ocrx_word' id='word_1_401' title='bbox 1335 1867 1472 1940; x_wconf 87' lang='lat' dir='ltr'>deponens</span> <span class='ocrx_word' id='word_1_402' title='bbox 1487 1888 1520 1928; x_wconf 89' lang='lat' dir='ltr'>ac</span> <span class='ocrx_word' id='word_1_403' title='bbox 1538 1867 1749 1938; x_wconf 75' lang='lat' dir='ltr'>publicationem</span> <span class='ocrx_word' id='word_1_404' title='bbox 1768 1865 1817 1924; x_wconf 91' lang='lat' dir='ltr'>bo-</span> 
     </span>
     <span class='ocr_line' id='line_1_26' title="bbox 163 1891 1817 2017; baseline -0.004 -17"><span class='ocrx_word' id='word_1_405' title='bbox 163 1891 305 2012; x_wconf 75' lang='lat' dir='ltr'>habilem,</span> <span class='ocrx_word' id='word_1_406' title='bbox 322 1937 415 2016; x_wconf 78' lang='lat' dir='ltr'>Labeo</span> <span class='ocrx_word' id='word_1_407' title='bbox 429 1935 576 2017; x_wconf 70' lang='lat' dir='ltr'>rejiciens,</span> <span class='ocrx_word' id='word_1_408' title='bbox 593 1939 716 1998; x_wconf 88' lang='lat' dir='ltr'>mandati</span> <span class='ocrx_word' id='word_1_409' title='bbox 733 1935 977 2005; x_wconf 68' lang='lat' dir='ltr'>autumnum,</span> <span class='ocrx_word' id='word_1_410' title='bbox 1007 1957 1105 2002; x_wconf 89' lang='lat' dir='ltr'>norum</span> <span class='ocrx_word' id='word_1_411' title='bbox 1123 1939 1275 2010; x_wconf 84' lang='lat' dir='ltr'>passussit,</span> <span class='ocrx_word' id='word_1_412' title='bbox 1295 1936 1312 1992; x_wconf 90' lang='grc' dir='ltr'><strong>Ι.</strong></span> <span class='ocrx_word' id='word_1_413' title='bbox 1330 1935 1397 1994; x_wconf 82' lang='lat' dir='ltr'>bena</span> <span class='ocrx_word' id='word_1_414' title='bbox 1406 1938 1479 2012; x_wconf 79' lang='lat' dir='ltr'>fider</span> <span class='ocrx_word' id='word_1_415' title='bbox 1496 1935 1540 2008; x_wconf 63' lang='grc' dir='ltr'>δι,</span> <span class='ocrx_word' id='word_1_416' title='bbox 1551 1933 1590 2012; x_wconf 75' lang='lat' dir='ltr'><em>ffi</em></span> <span class='ocrx_word' id='word_1_417' title='bbox 1604 1935 1668 1996; x_wconf 85' lang='lat' dir='ltr'><strong><em>b.·.r.</em></strong></span> <span class='ocrx_word' id='word_1_418' title='bbox 1687 1933 1764 2010; x_wconf 76' lang='lat' dir='ltr'>Quin</span> <span class='ocrx_word' id='word_1_419' title='bbox 1788 1941 1817 2002; x_wconf 74' lang='lat' dir='ltr'>dt</span> 
     </span>
     <span class='ocr_line' id='line_1_27' title="bbox 162 2003 1818 2086; baseline -0.002 -18"><span class='ocrx_word' id='word_1_420' title='bbox 162 2013 193 2072; x_wconf 74' lang='lat' dir='ltr'>ur</span> <span class='ocrx_word' id='word_1_421' title='bbox 224 2012 294 2086; x_wconf 91' lang='lat' dir='ltr'>quod</span> <span class='ocrx_word' id='word_1_422' title='bbox 312 2011 519 2080; x_wconf 72' lang='lat' dir='ltr'>uniuscuiusque</span> <span class='ocrx_word' id='word_1_423' title='bbox 545 2005 701 2080; x_wconf 67' lang='lat' dir='ltr'>contradus</span> <span class='ocrx_word' id='word_1_424' title='bbox 719 2010 830 2068; x_wconf 88' lang='lat' dir='ltr'>initium</span> <span class='ocrx_word' id='word_1_425' title='bbox 855 2003 977 2078; x_wconf 73' lang='lat' dir='ltr'>spediau·</span> <span class='ocrx_word' id='word_1_426' title='bbox 1008 2012 1113 2072; x_wconf 83' lang='lat' dir='ltr'>utiliter</span> <span class='ocrx_word' id='word_1_427' title='bbox 1130 2013 1222 2077; x_wconf 88' lang='lat' dir='ltr'>tertio,</span> <span class='ocrx_word' id='word_1_428' title='bbox 1235 2005 1343 2078; x_wconf 87' lang='lat' dir='ltr'>quoties</span> <span class='ocrx_word' id='word_1_429' title='bbox 1360 2009 1389 2066; x_wconf 92' lang='lat' dir='ltr'>id</span> <span class='ocrx_word' id='word_1_430' title='bbox 1406 2005 1497 2067; x_wconf 75' lang='lat' dir='ltr'>adium</span> <span class='ocrx_word' id='word_1_431' title='bbox 1513 2023 1553 2069; x_wconf 86' lang='lat' dir='ltr'>est</span> <span class='ocrx_word' id='word_1_432' title='bbox 1564 2006 1599 2064; x_wconf 90' lang='lat' dir='ltr'>ab</span> <span class='ocrx_word' id='word_1_433' title='bbox 1609 2007 1699 2078; x_wconf 87' lang='lat' dir='ltr'>initio,</span> <span class='ocrx_word' id='word_1_434' title='bbox 1712 2019 1742 2066; x_wconf 88' lang='lat' dir='ltr'>ut</span> <span class='ocrx_word' id='word_1_435' title='bbox 1760 2026 1818 2066; x_wconf 88' lang='lat' dir='ltr'>non</span> 
     </span>
     <span class='ocr_line' id='line_1_28' title="bbox 162 2073 1819 2156; baseline -0.004 -15"><span class='ocrx_word' id='word_1_436' title='bbox 162 2083 231 2141; x_wconf 89' lang='lat' dir='ltr'>dum</span> <span class='ocrx_word' id='word_1_437' title='bbox 249 2098 282 2136; x_wconf 91' lang='lat' dir='ltr'>ac</span> <span class='ocrx_word' id='word_1_438' title='bbox 299 2097 389 2153; x_wconf 85' lang='lat' dir='ltr'>causa,</span> <span class='ocrx_word' id='word_1_439' title='bbox 407 2080 427 2136; x_wconf 92' lang='grc' dir='ltr'><strong>Ι.</strong></span> <span class='ocrx_word' id='word_1_440' title='bbox 447 2082 472 2135; x_wconf 85' lang='lat' dir='ltr'>si</span> <span class='ocrx_word' id='word_1_441' title='bbox 481 2093 672 2150; x_wconf 83' lang='lat' dir='ltr'>procuratorem</span> <span class='ocrx_word' id='word_1_442' title='bbox 689 2075 716 2137; x_wconf 87' lang='grc'>8.</span> <span class='ocrx_word' id='word_1_443' title='bbox 733 2078 766 2152; x_wconf 72' lang='lat' dir='ltr'><em>ffi</em></span> <span class='ocrx_word' id='word_1_444' title='bbox 776 2077 915 2136; x_wconf 75' lang='lat' dir='ltr'>inundati.</span> <span class='ocrx_word' id='word_1_445' title='bbox 932 2073 978 2136; x_wconf 90' lang='lat' dir='ltr'>Si·</span> <span class='ocrx_word' id='word_1_446' title='bbox 1007 2081 1152 2153; x_wconf 85' lang='lat' dir='ltr'>deponenti</span> <span class='ocrx_word' id='word_1_447' title='bbox 1170 2077 1216 2136; x_wconf 87' lang='lat' dir='ltr'>sed</span> <span class='ocrx_word' id='word_1_448' title='bbox 1233 2077 1317 2156; x_wconf 77' lang='lat' dir='ltr'>tertio</span> <span class='ocrx_word' id='word_1_449' title='bbox 1333 2095 1376 2136; x_wconf 88' lang='lat' dir='ltr'>res</span> <span class='ocrx_word' id='word_1_450' title='bbox 1392 2079 1511 2150; x_wconf 86' lang='lat' dir='ltr'>deposita</span> <span class='ocrx_word' id='word_1_451' title='bbox 1536 2078 1715 2154; x_wconf 72' lang='lat' dir='ltr'>restipuatur,</span> <span class='ocrx_word' id='word_1_452' title='bbox 1740 2077 1819 2150; x_wconf 78' lang='lat' dir='ltr'>idque</span> 
     </span>
     <span class='ocr_line' id='line_1_29' title="bbox 166 2144 1821 2224; baseline -0.002 -17"><span class='ocrx_word' id='word_1_453' title='bbox 166 2151 279 2220; x_wconf 82' lang='lat' dir='ltr'>militer,</span> <span class='ocrx_word' id='word_1_454' title='bbox 296 2153 319 2205; x_wconf 90' lang='lat' dir='ltr'>si</span> <span class='ocrx_word' id='word_1_455' title='bbox 338 2152 365 2206; x_wconf 82' lang='lat' dir='ltr'>t‘e</span> <span class='ocrx_word' id='word_1_456' title='bbox 384 2150 546 2222; x_wconf 80' lang='lat' dir='ltr'>rogaverim,</span> <span class='ocrx_word' id='word_1_457' title='bbox 563 2162 594 2206; x_wconf 92' lang='lat' dir='ltr'>ut</span> <span class='ocrx_word' id='word_1_458' title='bbox 611 2167 668 2222; x_wconf 75' lang='lat' dir='ltr'>tem</span> <span class='ocrx_word' id='word_1_459' title='bbox 685 2147 829 2224; x_wconf 88' lang='lat' dir='ltr'>abaliquo</span> <span class='ocrx_word' id='word_1_460' title='bbox 846 2163 907 2206; x_wconf 89' lang='lat' dir='ltr'>meo</span> <span class='ocrx_word' id='word_1_461' title='bbox 925 2163 977 2206; x_wconf 90' lang='lat' dir='ltr'>no·</span> <span class='ocrx_word' id='word_1_462' title='bbox 1007 2161 1102 2224; x_wconf 72' lang='lat' dir='ltr'>preter</span> <span class='ocrx_word' id='word_1_463' title='bbox 1118 2144 1224 2208; x_wconf 73' lang='lat' dir='ltr'>serietas</span> <span class='ocrx_word' id='word_1_464' title='bbox 1241 2151 1336 2218; x_wconf 85' lang='lat' dir='ltr'>Jurisr</span> <span class='ocrx_word' id='word_1_465' title='bbox 1370 2147 1427 2205; x_wconf 87' lang='lat' dir='ltr'>uias</span> <span class='ocrx_word' id='word_1_466' title='bbox 1443 2167 1476 2208; x_wconf 82' lang='lat' dir='ltr'>ert</span> <span class='ocrx_word' id='word_1_467' title='bbox 1493 2167 1569 2214; x_wconf 82' lang='lat' dir='ltr'>mera</span> <span class='ocrx_word' id='word_1_468' title='bbox 1587 2152 1718 2219; x_wconf 74' lang='lat' dir='ltr'>equitatis</span> <span class='ocrx_word' id='word_1_469' title='bbox 1737 2155 1821 2216; x_wconf 79' lang='lat' dir='ltr'>ratio-</span> 
     </span>
     <span class='ocr_line' id='line_1_30' title="bbox 167 2213 1820 2292; baseline -0.002 -14"><span class='ocrx_word' id='word_1_470' title='bbox 167 2225 242 2280; x_wconf 89' lang='lat' dir='ltr'>mine</span> <span class='ocrx_word' id='word_1_471' title='bbox 252 2224 393 2288; x_wconf 78' lang='lat' dir='ltr'>‘receptam</span> <span class='ocrx_word' id='word_1_472' title='bbox 401 2219 546 2289; x_wconf 71' lang='lat' dir='ltr'>custodias,</span> <span class='ocrx_word' id='word_1_473' title='bbox 559 2219 639 2288; x_wconf 91' lang='lat' dir='ltr'>idque</span> <span class='ocrx_word' id='word_1_474' title='bbox 650 2216 767 2292; x_wconf 85' lang='lat' dir='ltr'>fecerim,</span> <span class='ocrx_word' id='word_1_475' title='bbox 785 2217 908 2277; x_wconf 88' lang='lat' dir='ltr'>mandati</span> <span class='ocrx_word' id='word_1_476' title='bbox 920 2220 978 2274; x_wconf 82' lang='lat' dir='ltr'>rita·</span> <span class='ocrx_word' id='word_1_477' title='bbox 1009 2243 1053 2292; x_wconf 76' lang='lat' dir='ltr'>ne,</span> <span class='ocrx_word' id='word_1_478' title='bbox 1072 2223 1092 2280; x_wconf 88' lang='grc' dir='ltr'><strong>Ι.</strong></span> <span class='ocrx_word' id='word_1_479' title='bbox 1106 2233 1164 2290; x_wconf 81' lang='lat' dir='ltr'>perr.</span> <span class='ocrx_word' id='word_1_480' title='bbox 1183 2220 1211 2276; x_wconf 88' lang='lat' dir='ltr'>C.</span> <span class='ocrx_word' id='word_1_481' title='bbox 1230 2215 1271 2272; x_wconf 83' lang='lat' dir='ltr'>ad</span> <span class='ocrx_word' id='word_1_482' title='bbox 1283 2215 1346 2274; x_wconf 84' lang='lat' dir='ltr'>exhi</span> <span class='ocrx_word' id='word_1_483' title='bbox 1361 2217 1476 2291; x_wconf 77' lang='lat' dir='ltr'>endum,</span> <span class='ocrx_word' id='word_1_484' title='bbox 1493 2221 1512 2276; x_wconf 94' lang='grc' dir='ltr'><strong>Ι.</strong></span> <span class='ocrx_word' id='word_1_485' title='bbox 1531 2216 1628 2278; x_wconf 80' lang='lat' dir='ltr'>Publia</span> <span class='ocrx_word' id='word_1_486' title='bbox 1655 2217 1757 2274; x_wconf 77' lang='lat' dir='ltr'>Meuia</span> <span class='ocrx_word' id='word_1_487' title='bbox 1777 2213 1820 2276; x_wconf 87' lang='lat'>26.</span> 
     </span>
     <span class='ocr_line' id='line_1_31' title="bbox 167 2285 1820 2366; baseline 0 -22"><span class='ocrx_word' id='word_1_488' title='bbox 167 2293 210 2364; x_wconf 84' lang='lat' dir='ltr'>gis</span> <span class='ocrx_word' id='word_1_489' title='bbox 227 2305 307 2359; x_wconf 85' lang='lat' dir='ltr'>quam</span> <span class='ocrx_word' id='word_1_490' title='bbox 324 2289 439 2358; x_wconf 87' lang='lat' dir='ltr'>depositi</span> <span class='ocrx_word' id='word_1_491' title='bbox 448 2285 583 2359; x_wconf 72' lang='lat' dir='ltr'>odilonem</span> <span class='ocrx_word' id='word_1_492' title='bbox 593 2307 658 2360; x_wconf 89' lang='lat' dir='ltr'>esse,</span> <span class='ocrx_word' id='word_1_493' title='bbox 668 2287 832 2362; x_wconf 86' lang='lat' dir='ltr'>Pomponius</span> <span class='ocrx_word' id='word_1_494' title='bbox 850 2293 900 2360; x_wconf 83' lang='lat' dir='ltr'>sit,</span> <span class='ocrx_word' id='word_1_495' title='bbox 915 2292 979 2358; x_wconf 80' lang='lat' dir='ltr'>quit</span> <span class='ocrx_word' id='word_1_496' title='bbox 1006 2297 1088 2366; x_wconf 53' lang='lat' dir='ltr'>princ.</span> <span class='ocrx_word' id='word_1_497' title='bbox 1100 2285 1139 2360; x_wconf 74' lang='lat' dir='ltr'><em>ffl</em></span> <span class='ocrx_word' id='word_1_498' title='bbox 1155 2287 1181 2349; x_wconf 81' lang='lat' dir='ltr'>b.</span> <span class='ocrx_word' id='word_1_499' title='bbox 1200 2303 1222 2350; x_wconf 76' lang='lat' dir='ltr'>r.</span> <span class='ocrx_word' id='word_1_500' title='bbox 1240 2285 1271 2345; x_wconf 85' lang='lat' dir='ltr'>Si</span> <span class='ocrx_word' id='word_1_501' title='bbox 1289 2287 1376 2358; x_wconf 85' lang='lat' dir='ltr'>piures</span> <span class='ocrx_word' id='word_1_502' title='bbox 1385 2307 1441 2352; x_wconf 85' lang='lat' dir='ltr'>rem</span> <span class='ocrx_word' id='word_1_503' title='bbox 1448 2305 1617 2350; x_wconf 87' lang='lat' dir='ltr'>communem</span> <span class='ocrx_word' id='word_1_504' title='bbox 1635 2287 1820 2360; x_wconf 84' lang='lat' dir='ltr'>deposuerint,</span> 
     </span>
     <span class='ocr_line' id='line_1_32' title="bbox 168 2353 1819 2435; baseline -0.001 -18"><span class='ocrx_word' id='word_1_505' title='bbox 168 2363 328 2418; x_wconf 84' lang='lat' dir='ltr'>mandatum</span> <span class='ocrx_word' id='word_1_506' title='bbox 346 2366 446 2427; x_wconf 87' lang='lat' dir='ltr'>primus</span> <span class='ocrx_word' id='word_1_507' title='bbox 464 2357 616 2434; x_wconf 26' lang='lat' dir='ltr'>cont-radius</span> <span class='ocrx_word' id='word_1_508' title='bbox 633 2373 684 2433; x_wconf 86' lang='lat' dir='ltr'>est,</span> <span class='ocrx_word' id='word_1_509' title='bbox 702 2361 720 2418; x_wconf 95' lang='grc' dir='ltr'><strong>Ι.</strong></span> <span class='ocrx_word' id='word_1_510' title='bbox 742 2378 764 2417; x_wconf 92' lang='lat'>1.</span> <span class='ocrx_word' id='word_1_511' title='bbox 775 2353 801 2432; x_wconf 69' lang='lat'>§-</span> <span class='ocrx_word' id='word_1_512' title='bbox 813 2357 887 2418; x_wconf 76' lang='lat' dir='ltr'>idem</span> <span class='ocrx_word' id='word_1_513' title='bbox 901 2359 979 2413; x_wconf 80' lang='lat' dir='ltr'>l&#39;orrr-</span> <span class='ocrx_word' id='word_1_514' title='bbox 1010 2364 1051 2422; x_wconf 91' lang='lat' dir='ltr'>vel</span> <span class='ocrx_word' id='word_1_515' title='bbox 1088 2358 1157 2419; x_wconf 90' lang='lat' dir='ltr'>itites</span> <span class='ocrx_word' id='word_1_516' title='bbox 1175 2361 1223 2416; x_wconf 89' lang='lat' dir='ltr'>uni</span> <span class='ocrx_word' id='word_1_517' title='bbox 1240 2357 1385 2428; x_wconf 88' lang='lat' dir='ltr'>deponenti</span> <span class='ocrx_word' id='word_1_518' title='bbox 1403 2359 1691 2435; x_wconf 68' lang='lat' dir='ltr'>heredes.existanp,si</span> <span class='ocrx_word' id='word_1_519' title='bbox 1709 2359 1819 2430; x_wconf 86' lang='lat' dir='ltr'>quidem</span> 
     </span>
     <span class='ocr_line' id='line_1_33' title="bbox 166 2380 1818 2510; baseline -0.001 -23"><span class='ocrx_word' id='word_1_520' title='bbox 166 2435 259 2502; x_wconf 72' lang='lat' dir='ltr'>portius</span> <span class='ocrx_word' id='word_1_521' title='bbox 285 2431 375 2498; x_wconf 80' lang='lat' dir='ltr'>querit</span> <span class='ocrx_word' id='word_1_522' title='bbox 396 2423 487 2510; x_wconf 72' lang='lat' dir='ltr'>¹3·ff·</span> <span class='ocrx_word' id='word_1_523' title='bbox 507 2427 533 2485; x_wconf 88' lang='grc' dir='ltr'><strong>Ι.</strong></span> <span class='ocrx_word' id='word_1_524' title='bbox 556 2443 580 2488; x_wconf 80' lang='lat' dir='ltr'>r.</span> <span class='ocrx_word' id='word_1_525' title='bbox 598 2425 675 2502; x_wconf 78' lang='lat' dir='ltr'>Quin</span> <span class='ocrx_word' id='word_1_526' title='bbox 693 2431 751 2487; x_wconf 88' lang='lat' dir='ltr'>imo</span> <span class='ocrx_word' id='word_1_527' title='bbox 767 2433 792 2487; x_wconf 90' lang='lat' dir='ltr'>si</span> <span class='ocrx_word' id='word_1_528' title='bbox 810 2447 867 2488; x_wconf 90' lang='lat' dir='ltr'>rem</span> <span class='ocrx_word' id='word_1_529' title='bbox 892 2444 980 2485; x_wconf 83' lang='lat' dir='ltr'>metm</span> <span class='ocrx_word' id='word_1_530' title='bbox 1009 2380 1119 2492; x_wconf 80' lang='lat' dir='ltr'>dividua</span> <span class='ocrx_word' id='word_1_531' title='bbox 1137 2446 1179 2486; x_wconf 85' lang='lat' dir='ltr'>res</span> <span class='ocrx_word' id='word_1_532' title='bbox 1196 2429 1247 2498; x_wconf 83' lang='lat' dir='ltr'>rit,</span> <span class='ocrx_word' id='word_1_533' title='bbox 1264 2433 1374 2502; x_wconf 90' lang='lat' dir='ltr'>quisque</span> <span class='ocrx_word' id='word_1_534' title='bbox 1392 2447 1439 2498; x_wconf 92' lang='lat' dir='ltr'>pro</span> <span class='ocrx_word' id='word_1_535' title='bbox 1456 2448 1504 2490; x_wconf 87' lang='lat' dir='ltr'>sua</span> <span class='ocrx_word' id='word_1_536' title='bbox 1523 2440 1745 2500; x_wconf 85' lang='lat' dir='ltr'>tantumparte,</span> <span class='ocrx_word' id='word_1_537' title='bbox 1763 2447 1818 2500; x_wconf 82' lang='lat' dir='ltr'>nou</span> 
     </span>
     <span class='ocr_line' id='line_1_34' title="bbox 169 2491 1819 2578; baseline -0.002 -20"><span class='ocrx_word' id='word_1_538' title='bbox 169 2497 224 2558; x_wconf 88' lang='lat' dir='ltr'>tibi</span> <span class='ocrx_word' id='word_1_539' title='bbox 240 2499 302 2558; x_wconf 89' lang='lat' dir='ltr'>dedi</span> <span class='ocrx_word' id='word_1_540' title='bbox 320 2499 355 2556; x_wconf 85' lang='lat' dir='ltr'>ad</span> <span class='ocrx_word' id='word_1_541' title='bbox 372 2496 479 2556; x_wconf 83' lang='lat' dir='ltr'>Titium</span> <span class='ocrx_word' id='word_1_542' title='bbox 496 2491 695 2571; x_wconf 77' lang='lat' dir='ltr'>perferendam,</span> <span class='ocrx_word' id='word_1_543' title='bbox 712 2517 743 2558; x_wconf 84' lang='lat' dir='ltr'>ur</span> <span class='ocrx_word' id='word_1_544' title='bbox 760 2504 784 2560; x_wconf 82' lang='lat' dir='ltr'>ir</span> <span class='ocrx_word' id='word_1_545' title='bbox 801 2505 863 2556; x_wconf 74' lang='lat' dir='ltr'>rien</span> <span class='ocrx_word' id='word_1_546' title='bbox 881 2513 980 2556; x_wconf 83' lang='lat' dir='ltr'>servet:</span> <span class='ocrx_word' id='word_1_547' title='bbox 1009 2499 1109 2576; x_wconf 81' lang='lat' dir='ltr'>singuli</span> <span class='ocrx_word' id='word_1_548' title='bbox 1127 2515 1183 2560; x_wconf 87' lang='lat' dir='ltr'>rem</span> <span class='ocrx_word' id='word_1_549' title='bbox 1202 2509 1336 2555; x_wconf 84' lang='lat' dir='ltr'>totamre</span> <span class='ocrx_word' id='word_1_550' title='bbox 1370 2511 1544 2578; x_wconf 82' lang='lat' dir='ltr'>terepossunt</span> <span class='ocrx_word' id='word_1_551' title='bbox 1563 2498 1628 2572; x_wconf 86' lang='lat' dir='ltr'>(nisi</span> <span class='ocrx_word' id='word_1_552' title='bbox 1645 2497 1758 2570; x_wconf 86' lang='lat' dir='ltr'>depositi</span> <span class='ocrx_word' id='word_1_553' title='bbox 1776 2517 1819 2558; x_wconf 69' lang='lat' dir='ltr'>ee.-</span> 
     </span>
     <span class='ocr_line' id='line_1_35' title="bbox 170 2567 1819 2641; baseline 0.002 -18"><span class='ocrx_word' id='word_1_554' title='bbox 170 2570 205 2635; x_wconf 65' lang='lat' dir='ltr'>tp&#39;</span> <span class='ocrx_word' id='word_1_555' title='bbox 223 2573 248 2627; x_wconf 89' lang='lat' dir='ltr'>ri</span> <span class='ocrx_word' id='word_1_556' title='bbox 264 2573 286 2626; x_wconf 84' lang='lat' dir='ltr'>ir</span> <span class='ocrx_word' id='word_1_557' title='bbox 305 2589 367 2624; x_wconf 84' lang='lat' dir='ltr'>ram</span> <span class='ocrx_word' id='word_1_558' title='bbox 385 2588 435 2624; x_wconf 82' lang='lat' dir='ltr'>nora</span> <span class='ocrx_word' id='word_1_559' title='bbox 453 2569 588 2639; x_wconf 77' lang='lat' dir='ltr'>receperit,</span> <span class='ocrx_word' id='word_1_560' title='bbox 606 2585 636 2626; x_wconf 82' lang='lat' dir='ltr'>tre</span> <span class='ocrx_word' id='word_1_561' title='bbox 653 2568 804 2630; x_wconf 81' lang='lat' dir='ltr'>custodias:</span> <span class='ocrx_word' id='word_1_562' title='bbox 832 2573 905 2640; x_wconf 86' lang='lat' dir='ltr'>sique</span> <span class='ocrx_word' id='word_1_563' title='bbox 921 2582 981 2626; x_wconf 84' lang='lat' dir='ltr'>cam</span> <span class='ocrx_word' id='word_1_564' title='bbox 1011 2571 1109 2632; x_wconf 85' lang='lat' dir='ltr'>lebrati</span> <span class='ocrx_word' id='word_1_565' title='bbox 1125 2579 1245 2638; x_wconf 83' lang='lat' dir='ltr'>tempore</span> <span class='ocrx_word' id='word_1_566' title='bbox 1260 2569 1321 2628; x_wconf 76' lang='lat' dir='ltr'>ida</span> <span class='ocrx_word' id='word_1_567' title='bbox 1351 2585 1397 2630; x_wconf 90' lang='lat' dir='ltr'>um</span> <span class='ocrx_word' id='word_1_568' title='bbox 1414 2571 1459 2641; x_wconf 89' lang='lat' dir='ltr'>sit,</span> <span class='ocrx_word' id='word_1_569' title='bbox 1479 2584 1510 2629; x_wconf 92' lang='lat' dir='ltr'>ut</span> <span class='ocrx_word' id='word_1_570' title='bbox 1528 2584 1597 2634; x_wconf 87' lang='lat' dir='ltr'>unus</span> <span class='ocrx_word' id='word_1_571' title='bbox 1616 2567 1819 2638; x_wconf 75' lang='lat' dir='ltr'>uisqueexpitu</span> 
     </span>
     <span class='ocr_line' id='line_1_36' title="bbox 171 2591 1819 2710; baseline -0.002 -12"><span class='ocrx_word' id='word_1_572' title='bbox 171 2656 230 2698; x_wconf 90' lang='lat' dir='ltr'>non</span> <span class='ocrx_word' id='word_1_573' title='bbox 247 2640 387 2709; x_wconf 86' lang='lat' dir='ltr'>receperit,</span> <span class='ocrx_word' id='word_1_574' title='bbox 405 2655 461 2696; x_wconf 88' lang='lat' dir='ltr'>non</span> <span class='ocrx_word' id='word_1_575' title='bbox 479 2649 588 2696; x_wconf 90' lang='lat' dir='ltr'>tantum</span> <span class='ocrx_word' id='word_1_576' title='bbox 604 2641 730 2709; x_wconf 89' lang='lat' dir='ltr'>depositi,</span> <span class='ocrx_word' id='word_1_577' title='bbox 747 2639 794 2699; x_wconf 88' lang='lat' dir='ltr'>sed</span> <span class='ocrx_word' id='word_1_578' title='bbox 811 2641 839 2698; x_wconf 76' lang='lat' dir='ltr'>dr</span> <span class='ocrx_word' id='word_1_579' title='bbox 858 2637 982 2695; x_wconf 86' lang='lat' dir='ltr'>mandati</span> <span class='ocrx_word' id='word_1_580' title='bbox 1011 2635 1290 2710; x_wconf 87' lang='lat' dir='ltr'>ribusdep&#39;onentibus</span> <span class='ocrx_word' id='word_1_581' title='bbox 1307 2641 1347 2696; x_wconf 88' lang='lat' dir='ltr'>rei</span> <span class='ocrx_word' id='word_1_582' title='bbox 1357 2643 1462 2698; x_wconf 90' lang='lat' dir='ltr'>totiusr</span> <span class='ocrx_word' id='word_1_583' title='bbox 1495 2591 1819 2704; x_wconf 69' lang='lat' dir='ltr'>etendaeiacuitnemhr-</span> 
     </span>
     <span class='ocr_line' id='line_1_37' title="bbox 170 2702 1821 2795; baseline -0.002 -27"><span class='ocrx_word' id='word_1_584' title='bbox 170 2723 262 2770; x_wconf 75' lang='lat' dir='ltr'>tecum</span> <span class='ocrx_word' id='word_1_585' title='bbox 279 2725 356 2782; x_wconf 84' lang='lat' dir='ltr'>agere</span> <span class='ocrx_word' id='word_1_586' title='bbox 370 2725 486 2780; x_wconf 85' lang='lat' dir='ltr'>possum,</span> <span class='ocrx_word' id='word_1_587' title='bbox 504 2710 567 2778; x_wconf 83' lang='lat' dir='ltr'>quia</span> <span class='ocrx_word' id='word_1_588' title='bbox 585 2707 914 2779; x_wconf 84' lang='lat' dir='ltr'>pleniusestmandstum,</span> <span class='ocrx_word' id='word_1_589' title='bbox 931 2705 985 2762; x_wconf 83' lang='lat' dir='ltr'>ha·</span> <span class='ocrx_word' id='word_1_590' title='bbox 1011 2705 1095 2783; x_wconf 78' lang='lat' dir='ltr'>beat)</span> <span class='ocrx_word' id='word_1_591' title='bbox 1111 2710 1131 2766; x_wconf 96' lang='grc' dir='ltr'><strong>Ι.</strong></span> <span class='ocrx_word' id='word_1_592' title='bbox 1152 2725 1174 2765; x_wconf 88' lang='lat' dir='ltr'>t.</span> <span class='ocrx_word' id='word_1_593' title='bbox 1194 2702 1221 2780; x_wconf 83' lang='lat'><strong><em>§.</em></strong></span> <span class='ocrx_word' id='word_1_594' title='bbox 1240 2707 1289 2766; x_wconf 82' lang='lat' dir='ltr'>sed</span> <span class='ocrx_word' id='word_1_595' title='bbox 1303 2710 1327 2764; x_wconf 83' lang='lat' dir='ltr'>si</span> <span class='ocrx_word' id='word_1_596' title='bbox 1343 2707 1394 2766; x_wconf 84' lang='lat' dir='ltr'>duo</span> <span class='ocrx_word' id='word_1_597' title='bbox 1410 2707 1456 2779; x_wconf 72' lang='lat' dir='ltr'>dd.</span> <span class='ocrx_word' id='word_1_598' title='bbox 1488 2707 1562 2768; x_wconf 70' lang='lat' dir='ltr'>und.</span> <span class='ocrx_word' id='word_1_599' title='bbox 1580 2710 1599 2767; x_wconf 89' lang='grc' dir='ltr'><strong>Ι.</strong></span> <span class='ocrx_word' id='word_1_600' title='bbox 1617 2709 1678 2767; x_wconf 84' lang='lat' dir='ltr'>licet</span> <span class='ocrx_word' id='word_1_601' title='bbox 1694 2707 1821 2795; x_wconf 78' lang='lat' dir='ltr'>deponere</span> 
     </span>
     <span class='ocr_line' id='line_1_38' title="bbox 173 2773 1822 2855; baseline -0.002 -17"><span class='ocrx_word' id='word_1_602' title='bbox 173 2779 413 2845; x_wconf 68' lang='lat' dir='ltr'>bensdtcustodie</span> <span class='ocrx_word' id='word_1_603' title='bbox 430 2777 528 2850; x_wconf 87' lang='lat' dir='ltr'>legem,</span> <span class='ocrx_word' id='word_1_604' title='bbox 544 2780 562 2836; x_wconf 92' lang='grc' dir='ltr'><strong>Ι.</strong></span> <span class='ocrx_word' id='word_1_605' title='bbox 584 2797 607 2836; x_wconf 89' lang='lat' dir='ltr'>t.</span> <span class='ocrx_word' id='word_1_606' title='bbox 626 2773 652 2852; x_wconf 60' lang='grc' dir='ltr'><strong>ᾗ.</strong></span> <span class='ocrx_word' id='word_1_607' title='bbox 671 2784 695 2838; x_wconf 84' lang='lat' dir='ltr'>si</span> <span class='ocrx_word' id='word_1_608' title='bbox 711 2797 738 2838; x_wconf 85' lang='lat' dir='ltr'>re</span> <span class='ocrx_word' id='word_1_609' title='bbox 754 2794 875 2855; x_wconf 76' lang='lat' dir='ltr'>rogavero</span> <span class='ocrx_word' id='word_1_610' title='bbox 896 2774 981 2838; x_wconf 67' lang='lat' dir='ltr'>tu&amp;</span> <span class='ocrx_word' id='word_1_611' title='bbox 1014 2797 1055 2855; x_wconf 87' lang='lat'>17.</span> <span class='ocrx_word' id='word_1_612' title='bbox 1078 2775 1111 2848; x_wconf 55' lang='grc' dir='ltr'><em>ᾖ</em></span> <span class='ocrx_word' id='word_1_613' title='bbox 1129 2775 1155 2833; x_wconf 82' lang='grc' dir='ltr'><strong>Ι.</strong></span> <span class='ocrx_word' id='word_1_614' title='bbox 1173 2795 1193 2836; x_wconf 85' lang='lat' dir='ltr'>r.</span> <span class='ocrx_word' id='word_1_615' title='bbox 1212 2775 1281 2836; x_wconf 81' lang='lat' dir='ltr'>adeo</span> <span class='ocrx_word' id='word_1_616' title='bbox 1296 2790 1348 2850; x_wconf 91' lang='lat' dir='ltr'>ut,</span> <span class='ocrx_word' id='word_1_617' title='bbox 1365 2779 1389 2835; x_wconf 92' lang='lat' dir='ltr'>si</span> <span class='ocrx_word' id='word_1_618' title='bbox 1406 2783 1519 2848; x_wconf 88' lang='lat' dir='ltr'>pecunia</span> <span class='ocrx_word' id='word_1_619' title='bbox 1538 2780 1568 2836; x_wconf 87' lang='lat' dir='ltr'>in</span> <span class='ocrx_word' id='word_1_620' title='bbox 1586 2779 1692 2840; x_wconf 85' lang='lat' dir='ltr'>sacculo</span> <span class='ocrx_word' id='word_1_621' title='bbox 1714 2791 1822 2852; x_wconf 79' lang='lat' dir='ltr'>signata</span> 
     </span>
     <span class='ocr_line' id='line_1_39' title="bbox 162 2843 1817 2922; baseline -0.001 -16"><span class='ocrx_word' id='word_1_622' title='bbox 162 2856 220 2909; x_wconf 77' lang='lat' dir='ltr'>&#39;tan</span> <span class='ocrx_word' id='word_1_623' title='bbox 238 2846 269 2920; x_wconf 55' lang='grc' dir='ltr'><em>ᾖ</em></span> <span class='ocrx_word' id='word_1_624' title='bbox 289 2847 314 2905; x_wconf 82' lang='grc' dir='ltr'><strong>Ι.</strong></span> <span class='ocrx_word' id='word_1_625' title='bbox 332 2865 351 2904; x_wconf 85' lang='lat' dir='ltr'>r.</span> <span class='ocrx_word' id='word_1_626' title='bbox 371 2863 402 2902; x_wconf 86' lang='lat' dir='ltr'>ac</span> <span class='ocrx_word' id='word_1_627' title='bbox 421 2848 549 2905; x_wconf 87' lang='lat' dir='ltr'>mandare</span> <span class='ocrx_word' id='word_1_628' title='bbox 566 2865 609 2906; x_wconf 87' lang='lat' dir='ltr'>me</span> <span class='ocrx_word' id='word_1_629' title='bbox 626 2867 719 2922; x_wconf 81' lang='lat' dir='ltr'>posse,</span> <span class='ocrx_word' id='word_1_630' title='bbox 736 2863 767 2908; x_wconf 88' lang='lat' dir='ltr'>ut</span> <span class='ocrx_word' id='word_1_631' title='bbox 784 2853 812 2909; x_wconf 75' lang='lat' dir='ltr'>dt</span> <span class='ocrx_word' id='word_1_632' title='bbox 829 2845 982 2906; x_wconf 88' lang='lat' dir='ltr'>custodiam</span> <span class='ocrx_word' id='word_1_633' title='bbox 1010 2845 1133 2920; x_wconf 74' lang='lat' dir='ltr'>deposita</span> <span class='ocrx_word' id='word_1_634' title='bbox 1149 2849 1194 2918; x_wconf 87' lang='lat' dir='ltr'>sit,</span> <span class='ocrx_word' id='word_1_635' title='bbox 1211 2847 1239 2906; x_wconf 82' lang='lat' dir='ltr'>dt</span> <span class='ocrx_word' id='word_1_636' title='bbox 1258 2864 1327 2904; x_wconf 91' lang='lat' dir='ltr'>unus</span> <span class='ocrx_word' id='word_1_637' title='bbox 1341 2865 1375 2909; x_wconf 85' lang='lat' dir='ltr'>ex</span> <span class='ocrx_word' id='word_1_638' title='bbox 1385 2847 1527 2910; x_wconf 87' lang='lat' dir='ltr'>heredibus</span> <span class='ocrx_word' id='word_1_639' title='bbox 1543 2843 1613 2920; x_wconf 76' lang='lat' dir='ltr'>eius,</span> <span class='ocrx_word' id='word_1_640' title='bbox 1629 2852 1675 2919; x_wconf 92' lang='lat' dir='ltr'>qui</span> <span class='ocrx_word' id='word_1_641' title='bbox 1693 2849 1817 2920; x_wconf 84' lang='lat' dir='ltr'>deposuit</span> 
     </span>
     <span class='ocr_line' id='line_1_40' title="bbox 173 2911 1820 2994; baseline 0 -18"><span class='ocrx_word' id='word_1_642' title='bbox 173 2919 245 2976; x_wconf 88' lang='lat' dir='ltr'>mihi</span> <span class='ocrx_word' id='word_1_643' title='bbox 262 2929 376 2988; x_wconf 73' lang='lat' dir='ltr'>prestes,</span> <span class='ocrx_word' id='word_1_644' title='bbox 394 2915 491 2974; x_wconf 88' lang='lat' dir='ltr'>Paulus</span> <span class='ocrx_word' id='word_1_645' title='bbox 507 2918 587 2978; x_wconf 90' lang='lat' dir='ltr'>docet</span> <span class='ocrx_word' id='word_1_646' title='bbox 604 2919 622 2973; x_wconf 95' lang='grc' dir='ltr'><strong>Ι.</strong></span> <span class='ocrx_word' id='word_1_647' title='bbox 640 2919 775 2978; x_wconf 83' lang='lat' dir='ltr'>naturalis</span> <span class='ocrx_word' id='word_1_648' title='bbox 793 2917 818 2978; x_wconf 89' lang='lat'>5.</span> <span class='ocrx_word' id='word_1_649' title='bbox 837 2911 865 2994; x_wconf 67' lang='lat' dir='ltr'>d</span> <span class='ocrx_word' id='word_1_650' title='bbox 882 2915 942 2986; x_wconf 85' lang='lat' dir='ltr'>sed,</span> <span class='ocrx_word' id='word_1_651' title='bbox 959 2917 983 2971; x_wconf 83' lang='lat' dir='ltr'>si</span> <span class='ocrx_word' id='word_1_652' title='bbox 1013 2939 1041 2978; x_wconf 85' lang='lat' dir='ltr'>re</span> <span class='ocrx_word' id='word_1_653' title='bbox 1073 2931 1130 2977; x_wconf 88' lang='lat' dir='ltr'>tere</span> <span class='ocrx_word' id='word_1_654' title='bbox 1146 2917 1230 2989; x_wconf 87' lang='lat' dir='ltr'>velit,</span> <span class='ocrx_word' id='word_1_655' title='bbox 1247 2917 1394 2984; x_wconf 85' lang='lat' dir='ltr'>promenda</span> <span class='ocrx_word' id='word_1_656' title='bbox 1411 2927 1448 2977; x_wconf 89' lang='lat' dir='ltr'>sit</span> <span class='ocrx_word' id='word_1_657' title='bbox 1466 2937 1498 2976; x_wconf 87' lang='lat' dir='ltr'>ac</span> <span class='ocrx_word' id='word_1_658' title='bbox 1516 2920 1677 2990; x_wconf 84' lang='lat' dir='ltr'>resignanda</span> <span class='ocrx_word' id='word_1_659' title='bbox 1696 2919 1820 2992; x_wconf 81' lang='lat' dir='ltr'>pecunia,</span> 
     </span>
     <span class='ocr_line' id='line_1_41' title="bbox 161 2981 1825 3060; baseline 0 -16"><span class='ocrx_word' id='word_1_660' title='bbox 161 2987 248 3060; x_wconf 75' lang='lat' dir='ltr'>&#39;facio</span> <span class='ocrx_word' id='word_1_661' title='bbox 264 2985 293 3056; x_wconf 78' lang='grc'><strong>4.</strong></span> <span class='ocrx_word' id='word_1_662' title='bbox 311 2987 339 3041; x_wconf 84' lang='lat' dir='ltr'>in</span> <span class='ocrx_word' id='word_1_663' title='bbox 357 2985 426 3040; x_wconf 85' lang='lat' dir='ltr'>med.</span> <span class='ocrx_word' id='word_1_664' title='bbox 440 2981 477 3058; x_wconf 82' lang='lat' dir='ltr'><strong><em>ff.</em></strong></span> <span class='ocrx_word' id='word_1_665' title='bbox 494 2985 527 3040; x_wconf 79' lang='lat' dir='ltr'>de</span> <span class='ocrx_word' id='word_1_666' title='bbox 542 2993 680 3058; x_wconf 80' lang='lat' dir='ltr'>praereript.</span> <span class='ocrx_word' id='word_1_667' title='bbox 699 2988 793 3046; x_wconf 79' lang='lat' dir='ltr'>verbis.</span> <span class='ocrx_word' id='word_1_668' title='bbox 1014 3000 1046 3048; x_wconf 81' lang='lat' dir='ltr'>v‘e</span> <span class='ocrx_word' id='word_1_669' title='bbox 1074 2993 1166 3046; x_wconf 78' lang='lat' dir='ltr'>coram</span> <span class='ocrx_word' id='word_1_670' title='bbox 1183 2997 1303 3058; x_wconf 76' lang='lat' dir='ltr'>pretore,</span> <span class='ocrx_word' id='word_1_671' title='bbox 1313 2985 1608 3049; x_wconf 84' lang='lat' dir='ltr'>velinterveuientibus</span> <span class='ocrx_word' id='word_1_672' title='bbox 1626 2987 1746 3048; x_wconf 87' lang='lat' dir='ltr'>honestis</span> <span class='ocrx_word' id='word_1_673' title='bbox 1763 3006 1825 3057; x_wconf 83' lang='lat' dir='ltr'>per·</span> 
     </span>
     <span class='ocr_line' id='line_1_42' title="bbox 208 3053 1824 3134; baseline 0.001 -21"><span class='ocrx_word' id='word_1_674' title='bbox 208 3053 235 3113; x_wconf 81' lang='lat'><strong><em>5.</em></strong></span> <span class='ocrx_word' id='word_1_675' title='bbox 254 3053 362 3125; x_wconf 86' lang='lat' dir='ltr'>Deponi</span> <span class='ocrx_word' id='word_1_676' title='bbox 380 3069 490 3123; x_wconf 86' lang='lat' dir='ltr'>possunt</span> <span class='ocrx_word' id='word_1_677' title='bbox 508 3073 549 3112; x_wconf 92' lang='lat' dir='ltr'>res</span> <span class='ocrx_word' id='word_1_678' title='bbox 565 3073 670 3130; x_wconf 88' lang='lat' dir='ltr'>omnes,</span> <span class='ocrx_word' id='word_1_679' title='bbox 689 3061 746 3117; x_wconf 82' lang='lat' dir='ltr'>sire</span> <span class='ocrx_word' id='word_1_680' title='bbox 764 3055 813 3116; x_wconf 87' lang='lat' dir='ltr'>fun</span> <span class='ocrx_word' id='word_1_681' title='bbox 835 3054 911 3114; x_wconf 87' lang='lat' dir='ltr'>ibiies</span> <span class='ocrx_word' id='word_1_682' title='bbox 928 3059 983 3113; x_wconf 89' lang='lat' dir='ltr'>sive</span> <span class='ocrx_word' id='word_1_683' title='bbox 1013 3061 1107 3129; x_wconf 88' lang='lat' dir='ltr'>sonis&#39;,</span> <span class='ocrx_word' id='word_1_684' title='bbox 1123 3059 1152 3116; x_wconf 83' lang='lat' dir='ltr'>dt</span> <span class='ocrx_word' id='word_1_685' title='bbox 1169 3053 1335 3116; x_wconf 81' lang='lat' dir='ltr'>exsolvenda</span> <span class='ocrx_word' id='word_1_686' title='bbox 1353 3062 1456 3127; x_wconf 88' lang='lat' dir='ltr'>petenti</span> <span class='ocrx_word' id='word_1_687' title='bbox 1483 3077 1533 3129; x_wconf 88' lang='lat' dir='ltr'>pro</span> <span class='ocrx_word' id='word_1_688' title='bbox 1551 3070 1625 3128; x_wconf 84' lang='lat' dir='ltr'>parte</span> <span class='ocrx_word' id='word_1_689' title='bbox 1642 3058 1824 3134; x_wconf 77' lang='lat' dir='ltr'>hereditaria,</span> 
     </span>
     <span class='ocr_line' id='line_1_43' title="bbox 175 3074 1824 3207; baseline 0 -21"><span class='ocrx_word' id='word_1_690' title='bbox 175 3145 234 3186; x_wconf 90' lang='lat' dir='ltr'>non</span> <span class='ocrx_word' id='word_1_691' title='bbox 252 3121 300 3181; x_wconf 87' lang='lat' dir='ltr'>fun</span> <span class='ocrx_word' id='word_1_692' title='bbox 321 3123 416 3194; x_wconf 88' lang='lat' dir='ltr'>ibiles,</span> <span class='ocrx_word' id='word_1_693' title='bbox 432 3129 489 3182; x_wconf 87' lang='lat' dir='ltr'>sive</span> <span class='ocrx_word' id='word_1_694' title='bbox 515 3125 630 3207; x_wconf 82' lang='lat' dir='ltr'>mobiles</span> <span class='ocrx_word' id='word_1_695' title='bbox 656 3128 714 3185; x_wconf 88' lang='lat' dir='ltr'>sive</span> <span class='ocrx_word' id='word_1_696' title='bbox 732 3074 904 3196; x_wconf 71' lang='lat' dir='ltr'>immohiiesi</span> <span class='ocrx_word' id='word_1_697' title='bbox 921 3141 984 3183; x_wconf 91' lang='lat' dir='ltr'>cum</span> <span class='ocrx_word' id='word_1_698' title='bbox 1014 3129 1121 3192; x_wconf 80' lang='lat' dir='ltr'>residuo</span> <span class='ocrx_word' id='word_1_699' title='bbox 1138 3126 1183 3182; x_wconf 88' lang='lat' dir='ltr'>vel</span> <span class='ocrx_word' id='word_1_700' title='bbox 1200 3125 1270 3195; x_wconf 90' lang='lat' dir='ltr'>apud</span> <span class='ocrx_word' id='word_1_701' title='bbox 1287 3126 1479 3198; x_wconf 88' lang='lat' dir='ltr'>depositarium</span> <span class='ocrx_word' id='word_1_702' title='bbox 1496 3144 1643 3199; x_wconf 81' lang='lat' dir='ltr'>manente,</span> <span class='ocrx_word' id='word_1_703' title='bbox 1669 3127 1764 3202; x_wconf 83' lang='lat' dir='ltr'>sigillis</span> <span class='ocrx_word' id='word_1_704' title='bbox 1782 3139 1824 3190; x_wconf 86' lang='lat' dir='ltr'>vi·</span> 
     </span>
     <span class='ocr_line' id='line_1_44' title="bbox 175 3142 1825 3276; baseline -0.003 -15"><span class='ocrx_word' id='word_1_705' title='bbox 175 3199 204 3261; x_wconf 77' lang='lat' dir='ltr'>dt</span> <span class='ocrx_word' id='word_1_706' title='bbox 222 3142 402 3254; x_wconf 64' lang='lat' dir='ltr'>immohllium</span> <span class='ocrx_word' id='word_1_707' title='bbox 419 3193 540 3250; x_wconf 76' lang='lat' dir='ltr'>custodia</span> <span class='ocrx_word' id='word_1_708' title='bbox 559 3195 638 3276; x_wconf 75' lang='lat' dir='ltr'>citeri</span> <span class='ocrx_word' id='word_1_709' title='bbox 654 3197 728 3256; x_wconf 87' lang='lat' dir='ltr'>trudi</span> <span class='ocrx_word' id='word_1_710' title='bbox 746 3212 847 3270; x_wconf 69' lang='lat' dir='ltr'>quest,</span> <span class='ocrx_word' id='word_1_711' title='bbox 864 3196 883 3256; x_wconf 94' lang='grc' dir='ltr'><strong>Ι.</strong></span> <span class='ocrx_word' id='word_1_712' title='bbox 901 3211 985 3253; x_wconf 82' lang='lat' dir='ltr'>errrter</span> <span class='ocrx_word' id='word_1_713' title='bbox 1013 3191 1112 3260; x_wconf 87' lang='lat' dir='ltr'>delicet</span> <span class='ocrx_word' id='word_1_714' title='bbox 1129 3195 1201 3264; x_wconf 86' lang='lat' dir='ltr'>prius</span> <span class='ocrx_word' id='word_1_715' title='bbox 1218 3200 1246 3274; x_wconf 82' lang='lat' dir='ltr'>ei</span> <span class='ocrx_word' id='word_1_716' title='bbox 1261 3195 1415 3271; x_wconf 83' lang='lat' dir='ltr'>impressis,</span> <span class='ocrx_word' id='word_1_717' title='bbox 1433 3200 1476 3263; x_wconf 88' lang='lat' dir='ltr'>vel</span> <span class='ocrx_word' id='word_1_718' title='bbox 1493 3197 1530 3256; x_wconf 85' lang='lat' dir='ltr'>ab</span> <span class='ocrx_word' id='word_1_719' title='bbox 1546 3197 1600 3274; x_wconf 92' lang='lat' dir='ltr'>his,</span> <span class='ocrx_word' id='word_1_720' title='bbox 1616 3215 1708 3255; x_wconf 88' lang='lat' dir='ltr'>coram</span> <span class='ocrx_word' id='word_1_721' title='bbox 1722 3199 1825 3270; x_wconf 77' lang='lat' dir='ltr'>,quibus</span> 
     </span>
     <span class='ocr_line' id='line_1_45' title="bbox 171 3261 1822 3350; baseline 0 -23"><span class='ocrx_word' id='word_1_722' title='bbox 171 3265 271 3328; x_wconf 67' lang='lat' dir='ltr'>adium</span> <span class='ocrx_word' id='word_1_723' title='bbox 289 3261 333 3320; x_wconf 80' lang='lat'>58.</span> <span class='ocrx_word' id='word_1_724' title='bbox 345 3261 379 3350; x_wconf 66' lang='lat' dir='ltr'><strong><em>ff.</em></strong></span> <span class='ocrx_word' id='word_1_725' title='bbox 398 3261 428 3318; x_wconf 80' lang='lat' dir='ltr'>dr</span> <span class='ocrx_word' id='word_1_726' title='bbox 443 3261 545 3346; x_wconf 64' lang='lat' dir='ltr'>damno</span> <span class='ocrx_word' id='word_1_727' title='bbox 562 3267 910 3340; x_wconf 64' lang='lat' dir='ltr'>iperiuetcommendaei,</span> <span class='ocrx_word' id='word_1_728' title='bbox 926 3283 982 3337; x_wconf 77' lang='lat' dir='ltr'>que</span> <span class='ocrx_word' id='word_1_729' title='bbox 1014 3269 1037 3326; x_wconf 89' lang='lat' dir='ltr'>si</span> <span class='ocrx_word' id='word_1_730' title='bbox 1056 3267 1153 3326; x_wconf 87' lang='lat' dir='ltr'>nacula</span> <span class='ocrx_word' id='word_1_731' title='bbox 1179 3278 1283 3325; x_wconf 83' lang='lat' dir='ltr'>remota</span> <span class='ocrx_word' id='word_1_732' title='bbox 1300 3278 1383 3336; x_wconf 80' lang='lat' dir='ltr'>sunt3</span> <span class='ocrx_word' id='word_1_733' title='bbox 1410 3269 1454 3327; x_wconf 85' lang='lat' dir='ltr'>vel</span> <span class='ocrx_word' id='word_1_734' title='bbox 1479 3273 1502 3324; x_wconf 88' lang='lat' dir='ltr'>si</span> <span class='ocrx_word' id='word_1_735' title='bbox 1522 3267 1573 3326; x_wconf 87' lang='lat' dir='ltr'>hoc</span> <span class='ocrx_word' id='word_1_736' title='bbox 1591 3275 1753 3328; x_wconf 71' lang='lat' dir='ltr'>recusaverit</span> <span class='ocrx_word' id='word_1_737' title='bbox 1793 3277 1822 3328; x_wconf 91' lang='lat' dir='ltr'>in</span> 
     </span>
     <span class='ocr_line' id='line_1_46' title="bbox 176 3287 1822 3412; baseline -0.002 -16"><span class='ocrx_word' id='word_1_738' title='bbox 176 3335 379 3398; x_wconf 84' lang='lat' dir='ltr'>commendatio</span> <span class='ocrx_word' id='word_1_739' title='bbox 397 3333 527 3404; x_wconf 81' lang='lat' dir='ltr'>depositio</span> <span class='ocrx_word' id='word_1_740' title='bbox 545 3349 607 3406; x_wconf 87' lang='lat' dir='ltr'>est,</span> <span class='ocrx_word' id='word_1_741' title='bbox 634 3335 650 3394; x_wconf 92' lang='grc' dir='ltr'><strong>Ι.</strong></span> <span class='ocrx_word' id='word_1_742' title='bbox 669 3337 770 3398; x_wconf 80' lang='lat' dir='ltr'>Lucius</span> <span class='ocrx_word' id='word_1_743' title='bbox 788 3339 873 3395; x_wconf 76' lang='lat' dir='ltr'>licius</span> <span class='ocrx_word' id='word_1_744' title='bbox 895 3333 938 3404; x_wconf 74' lang='lat' dir='ltr'>td.</span> <span class='ocrx_word' id='word_1_745' title='bbox 957 3337 986 3392; x_wconf 87' lang='lat' dir='ltr'>irr</span> <span class='ocrx_word' id='word_1_746' title='bbox 1015 3287 1069 3399; x_wconf 67' lang='lat' dir='ltr'>ede</span> <span class='ocrx_word' id='word_1_747' title='bbox 1094 3351 1169 3394; x_wconf 87' lang='lat' dir='ltr'>saera</span> <span class='ocrx_word' id='word_1_748' title='bbox 1186 3336 1363 3407; x_wconf 79' lang='lat' dir='ltr'>deponendo,</span> <span class='ocrx_word' id='word_1_749' title='bbox 1382 3339 1401 3396; x_wconf 94' lang='grc' dir='ltr'><strong>Ι.</strong></span> <span class='ocrx_word' id='word_1_750' title='bbox 1424 3357 1448 3396; x_wconf 91' lang='lat'><strong><em>1.</em></strong></span> <span class='ocrx_word' id='word_1_751' title='bbox 1467 3331 1493 3412; x_wconf 66' lang='lat' dir='ltr'>d</span> <span class='ocrx_word' id='word_1_752' title='bbox 1513 3339 1538 3394; x_wconf 87' lang='lat' dir='ltr'>si</span> <span class='ocrx_word' id='word_1_753' title='bbox 1552 3342 1664 3410; x_wconf 84' lang='lat' dir='ltr'>pecunia</span> <span class='ocrx_word' id='word_1_754' title='bbox 1683 3335 1726 3394; x_wconf 79' lang='lat'>36.</span> <span class='ocrx_word' id='word_1_755' title='bbox 1741 3308 1777 3411; x_wconf 67' lang='lat' dir='ltr'>fft</span> <span class='ocrx_word' id='word_1_756' title='bbox 1795 3339 1822 3396; x_wconf 89' lang='lat' dir='ltr'>b.</span> 
     </span>
     <span class='ocr_line' id='line_1_47' title="bbox 177 3401 1825 3481; baseline 0.002 -18"><span class='ocrx_word' id='word_1_757' title='bbox 177 3404 248 3464; x_wconf 81' lang='lat' dir='ltr'>med.</span> <span class='ocrx_word' id='word_1_758' title='bbox 263 3401 298 3474; x_wconf 80' lang='lat' dir='ltr'><strong><em>ff.</em></strong></span> <span class='ocrx_word' id='word_1_759' title='bbox 316 3402 342 3462; x_wconf 80' lang='lat' dir='ltr'>b.</span> <span class='ocrx_word' id='word_1_760' title='bbox 361 3421 380 3460; x_wconf 88' lang='lat' dir='ltr'>t.</span> <span class='ocrx_word' id='word_1_761' title='bbox 402 3403 419 3459; x_wconf 96' lang='grc' dir='ltr'><strong>Ι.</strong></span> <span class='ocrx_word' id='word_1_762' title='bbox 429 3405 614 3462; x_wconf 79' lang='lat' dir='ltr'>mmrnrndare</span> <span class='ocrx_word' id='word_1_763' title='bbox 634 3403 690 3465; x_wconf 76' lang='lat'><strong><em>186.</em></strong></span> <span class='ocrx_word' id='word_1_764' title='bbox 702 3407 740 3480; x_wconf 84' lang='lat' dir='ltr'><strong><em>ff.</em></strong></span> <span class='ocrx_word' id='word_1_765' title='bbox 760 3407 793 3465; x_wconf 81' lang='lat' dir='ltr'>de</span> <span class='ocrx_word' id='word_1_766' title='bbox 810 3408 842 3465; x_wconf 88' lang='lat' dir='ltr'>V.</span> <span class='ocrx_word' id='word_1_767' title='bbox 862 3407 889 3463; x_wconf 92' lang='lat' dir='ltr'>S.</span> <span class='ocrx_word' id='word_1_768' title='bbox 907 3418 986 3478; x_wconf 87' lang='lat' dir='ltr'>atque</span> <span class='ocrx_word' id='word_1_769' title='bbox 1015 3424 1035 3466; x_wconf 88' lang='lat' dir='ltr'>r.</span> <span class='ocrx_word' id='word_1_770' title='bbox 1054 3401 1115 3468; x_wconf 86' lang='lat' dir='ltr'>Nec</span> <span class='ocrx_word' id='word_1_771' title='bbox 1134 3407 1172 3478; x_wconf 89' lang='lat' dir='ltr'>is,</span> <span class='ocrx_word' id='word_1_772' title='bbox 1189 3407 1236 3477; x_wconf 90' lang='lat' dir='ltr'>qui</span> <span class='ocrx_word' id='word_1_773' title='bbox 1255 3406 1294 3464; x_wconf 88' lang='lat' dir='ltr'>rei</span> <span class='ocrx_word' id='word_1_774' title='bbox 1312 3407 1427 3466; x_wconf 86' lang='lat' dir='ltr'>dividuae</span> <span class='ocrx_word' id='word_1_775' title='bbox 1445 3419 1552 3477; x_wconf 87' lang='lat' dir='ltr'>partem</span> <span class='ocrx_word' id='word_1_776' title='bbox 1568 3410 1747 3481; x_wconf 85' lang='lat' dir='ltr'>recuperavit,</span> <span class='ocrx_word' id='word_1_777' title='bbox 1763 3427 1825 3466; x_wconf 84' lang='lat' dir='ltr'>eam</span> 
     </span>
     <span class='ocr_line' id='line_1_48' title="bbox 176 3471 1843 3561; baseline 0.001 -28"><span class='ocrx_word' id='word_1_778' title='bbox 176 3481 286 3550; x_wconf 88' lang='lat' dir='ltr'>iusuper</span> <span class='ocrx_word' id='word_1_779' title='bbox 305 3471 486 3530; x_wconf 76' lang='lat' dir='ltr'>immobilium</span> <span class='ocrx_word' id='word_1_780' title='bbox 511 3477 709 3535; x_wconf 89' lang='lat' dir='ltr'>commodatum</span> <span class='ocrx_word' id='word_1_781' title='bbox 727 3484 907 3548; x_wconf 88' lang='lat' dir='ltr'>sustineatur,</span> <span class='ocrx_word' id='word_1_782' title='bbox 920 3475 940 3534; x_wconf 95' lang='grc' dir='ltr'><strong>Ι.</strong></span> <span class='ocrx_word' id='word_1_783' title='bbox 961 3493 985 3532; x_wconf 89' lang='lat' dir='ltr'>t.</span> <span class='ocrx_word' id='word_1_784' title='bbox 1016 3475 1124 3561; x_wconf 85' lang='lat' dir='ltr'>reliquis</span> <span class='ocrx_word' id='word_1_785' title='bbox 1142 3481 1198 3538; x_wconf 84' lang='lat' dir='ltr'>sive</span> <span class='ocrx_word' id='word_1_786' title='bbox 1216 3475 1297 3532; x_wconf 89' lang='lat' dir='ltr'>simul</span> <span class='ocrx_word' id='word_1_787' title='bbox 1314 3477 1509 3545; x_wconf 83' lang='lat' dir='ltr'>deponentibus</span> <span class='ocrx_word' id='word_1_788' title='bbox 1525 3480 1728 3552; x_wconf 86' lang='lat' dir='ltr'>communicat,</span> <span class='ocrx_word' id='word_1_789' title='bbox 1745 3483 1768 3534; x_wconf 92' lang='lat' dir='ltr'>si</span> <span class='ocrx_word' id='word_1_790' title='bbox 1785 3497 1843 3544; x_wconf 66' lang='lat' dir='ltr'>res·¹</span> 
     </span>
     <span class='ocr_line' id='line_1_49' title="bbox 174 3543 1827 3624; baseline 0.002 -22"><span class='ocrx_word' id='word_1_791' title='bbox 174 3543 203 3624; x_wconf 78' lang='lat'>§-</span> <span class='ocrx_word' id='word_1_792' title='bbox 225 3565 247 3606; x_wconf 88' lang='lat' dir='ltr'>t.</span> <span class='ocrx_word' id='word_1_793' title='bbox 264 3547 298 3616; x_wconf 74' lang='lat' dir='ltr'><strong><em>ff.</em></strong></span> <span class='ocrx_word' id='word_1_794' title='bbox 317 3543 486 3616; x_wconf 80' lang='lat' dir='ltr'>commodari,</span> <span class='ocrx_word' id='word_1_795' title='bbox 505 3564 554 3604; x_wconf 91' lang='lat' dir='ltr'>nec</span> <span class='ocrx_word' id='word_1_796' title='bbox 572 3549 646 3603; x_wconf 88' lang='lat' dir='ltr'>ratio</span> <span class='ocrx_word' id='word_1_797' title='bbox 662 3562 807 3618; x_wconf 86' lang='lat' dir='ltr'>appareat,</span> <span class='ocrx_word' id='word_1_798' title='bbox 832 3567 880 3606; x_wconf 89' lang='lat' dir='ltr'>cur</span> <span class='ocrx_word' id='word_1_799' title='bbox 897 3546 986 3602; x_wconf 88' lang='lat' dir='ltr'>minus</span> <span class='ocrx_word' id='word_1_800' title='bbox 1018 3547 1085 3620; x_wconf 85' lang='lat' dir='ltr'>iiquu</span> <span class='ocrx_word' id='word_1_801' title='bbox 1103 3546 1227 3613; x_wconf 88' lang='lat' dir='ltr'>deinceps</span> <span class='ocrx_word' id='word_1_802' title='bbox 1243 3563 1304 3623; x_wconf 87' lang='lat' dir='ltr'>suas</span> <span class='ocrx_word' id='word_1_803' title='bbox 1322 3562 1459 3618; x_wconf 81' lang='lat' dir='ltr'>nequeant</span> <span class='ocrx_word' id='word_1_804' title='bbox 1479 3561 1566 3616; x_wconf 88' lang='lat' dir='ltr'>partes</span> <span class='ocrx_word' id='word_1_805' title='bbox 1584 3549 1710 3616; x_wconf 82' lang='lat' dir='ltr'>consequi</span> <span class='ocrx_word' id='word_1_806' title='bbox 1727 3545 1763 3604; x_wconf 91' lang='lat' dir='ltr'>ob</span> <span class='ocrx_word' id='word_1_807' title='bbox 1779 3549 1827 3612; x_wconf 85' lang='lat' dir='ltr'>de·</span> 
     </span>
     <span class='ocr_line' id='line_1_50' title="bbox 87 3612 1829 3690; baseline 0.001 -17"><span class='ocrx_word' id='word_1_808' title='bbox 87 3636 89 3640; x_wconf 68' lang='grc'>’</span> <span class='ocrx_word' id='word_1_809' title='bbox 176 3621 325 3689; x_wconf 85' lang='lat' dir='ltr'>depositum</span> <span class='ocrx_word' id='word_1_810' title='bbox 345 3612 525 3672; x_wconf 88' lang='lat' dir='ltr'>immobilium</span> <span class='ocrx_word' id='word_1_811' title='bbox 533 3633 611 3684; x_wconf 87' lang='lat' dir='ltr'>quam</span> <span class='ocrx_word' id='word_1_812' title='bbox 621 3622 821 3680; x_wconf 89' lang='lat' dir='ltr'>commodatum</span> <span class='ocrx_word' id='word_1_813' title='bbox 838 3615 894 3674; x_wconf 85' lang='lat' dir='ltr'>liat.</span> <span class='ocrx_word' id='word_1_814' title='bbox 914 3612 987 3673; x_wconf 85' lang='lat' dir='ltr'>Dum</span> <span class='ocrx_word' id='word_1_815' title='bbox 1017 3616 1139 3688; x_wconf 86' lang='lat' dir='ltr'>positatii</span> <span class='ocrx_word' id='word_1_816' title='bbox 1155 3627 1355 3686; x_wconf 69' lang='lat' dir='ltr'>paupertatems</span> <span class='ocrx_word' id='word_1_817' title='bbox 1373 3618 1532 3689; x_wconf 80' lang='lat' dir='ltr'>curatione,</span> <span class='ocrx_word' id='word_1_818' title='bbox 1549 3615 1692 3687; x_wconf 83' lang='lat' dir='ltr'>quiaj&#39;uria</span> <span class='ocrx_word' id='word_1_819' title='bbox 1712 3617 1829 3690; x_wconf 77' lang='lat' dir='ltr'>vigilan.</span> 
     </span>
     <span class='ocr_line' id='line_1_51' title="bbox 177 3684 1831 3760; baseline 0 -15"><span class='ocrx_word' id='word_1_820' title='bbox 177 3687 320 3756; x_wconf 75' lang='lat' dir='ltr'>utrobique</span> <span class='ocrx_word' id='word_1_821' title='bbox 339 3685 408 3744; x_wconf 86' lang='lat' dir='ltr'>idem</span> <span class='ocrx_word' id='word_1_822' title='bbox 435 3685 592 3744; x_wconf 88' lang='lat' dir='ltr'>traditionis</span> <span class='ocrx_word' id='word_1_823' title='bbox 610 3690 704 3746; x_wconf 88' lang='lat' dir='ltr'>modus</span> <span class='ocrx_word' id='word_1_824' title='bbox 732 3700 819 3758; x_wconf 85' lang='lat' dir='ltr'>potest</span> <span class='ocrx_word' id='word_1_825' title='bbox 835 3690 988 3746; x_wconf 88' lang='lat' dir='ltr'>interveni·</span> <span class='ocrx_word' id='word_1_826' title='bbox 1016 3684 1092 3744; x_wconf 89' lang='lat' dir='ltr'>tibus</span> <span class='ocrx_word' id='word_1_827' title='bbox 1108 3687 1206 3756; x_wconf 86' lang='lat' dir='ltr'>scripta</span> <span class='ocrx_word' id='word_1_828' title='bbox 1222 3696 1297 3756; x_wconf 88' lang='lat' dir='ltr'>sunt,</span> <span class='ocrx_word' id='word_1_829' title='bbox 1311 3694 1360 3744; x_wconf 79' lang='lat' dir='ltr'>nec</span> <span class='ocrx_word' id='word_1_830' title='bbox 1370 3705 1473 3760; x_wconf 85' lang='lat' dir='ltr'>aequum</span> <span class='ocrx_word' id='word_1_831' title='bbox 1489 3701 1541 3757; x_wconf 84' lang='lat' dir='ltr'>est,</span> <span class='ocrx_word' id='word_1_832' title='bbox 1557 3688 1721 3748; x_wconf 87' lang='lat' dir='ltr'>industrium</span> <span class='ocrx_word' id='word_1_833' title='bbox 1738 3707 1769 3746; x_wconf 91' lang='lat' dir='ltr'>ac</span> <span class='ocrx_word' id='word_1_834' title='bbox 1787 3691 1831 3748; x_wconf 87' lang='lat' dir='ltr'>di·</span> 
     </span>
     <span class='ocr_line' id='line_1_52' title="bbox 178 3751 1830 3832; baseline 0.004 -21"><span class='ocrx_word' id='word_1_835' title='bbox 178 3777 223 3830; x_wconf 69' lang='lat' dir='ltr'>re,</span> <span class='ocrx_word' id='word_1_836' title='bbox 240 3763 295 3812; x_wconf 92' lang='lat' dir='ltr'>imo</span> <span class='ocrx_word' id='word_1_837' title='bbox 314 3751 374 3812; x_wconf 86' lang='lat' dir='ltr'>huis</span> <span class='ocrx_word' id='word_1_838' title='bbox 390 3755 571 3824; x_wconf 85' lang='lat' dir='ltr'>depositionis</span> <span class='ocrx_word' id='word_1_839' title='bbox 584 3759 756 3818; x_wconf 79' lang='lat' dir='ltr'>esicustodis</span> <span class='ocrx_word' id='word_1_840' title='bbox 773 3774 937 3828; x_wconf 62' lang='lat' dir='ltr'>rerumque</span> <span class='ocrx_word' id='word_1_841' title='bbox 946 3765 985 3813; x_wconf 88' lang='lat' dir='ltr'>et·</span> <span class='ocrx_word' id='word_1_842' title='bbox 1018 3757 1148 3830; x_wconf 86' lang='lat' dir='ltr'>iigentem</span> <span class='ocrx_word' id='word_1_843' title='bbox 1164 3755 1270 3813; x_wconf 70' lang='lat' dir='ltr'>desidia</span> <span class='ocrx_word' id='word_1_844' title='bbox 1288 3754 1381 3820; x_wconf 73' lang='lat' dir='ltr'>alienu</span> <span class='ocrx_word' id='word_1_845' title='bbox 1398 3773 1446 3816; x_wconf 86' lang='lat' dir='ltr'>aut</span> <span class='ocrx_word' id='word_1_846' title='bbox 1465 3759 1637 3832; x_wconf 78' lang='lat' dir='ltr'>negligentiae</span> <span class='ocrx_word' id='word_1_847' title='bbox 1652 3758 1830 3832; x_wconf 81' lang='lat' dir='ltr'>pnnassubi·</span> 
     </span>
     <span class='ocr_line' id='line_1_53' title="bbox 179 3822 1831 3900; baseline 0 -16"><span class='ocrx_word' id='word_1_848' title='bbox 179 3831 235 3884; x_wconf 91' lang='lat' dir='ltr'>iam</span> <span class='ocrx_word' id='word_1_849' title='bbox 251 3827 323 3883; x_wconf 87' lang='lat' dir='ltr'>circa</span> <span class='ocrx_word' id='word_1_850' title='bbox 342 3822 491 3887; x_wconf 88' lang='lat' dir='ltr'>immobilia</span> <span class='ocrx_word' id='word_1_851' title='bbox 508 3825 597 3883; x_wconf 88' lang='lat' dir='ltr'>locum</span> <span class='ocrx_word' id='word_1_852' title='bbox 625 3825 728 3897; x_wconf 70' lang='lat' dir='ltr'>habet,</span> <span class='ocrx_word' id='word_1_853' title='bbox 755 3829 783 3887; x_wconf 75' lang='lat' dir='ltr'>u</span> <span class='ocrx_word' id='word_1_854' title='bbox 802 3828 853 3896; x_wconf 89' lang='lat' dir='ltr'>ipsi</span> <span class='ocrx_word' id='word_1_855' title='bbox 871 3843 988 3884; x_wconf 79' lang='lat' dir='ltr'>comnio-</span> <span class='ocrx_word' id='word_1_856' title='bbox 1019 3845 1067 3897; x_wconf 89' lang='lat' dir='ltr'>re,</span> <span class='ocrx_word' id='word_1_857' title='bbox 1085 3826 1102 3881; x_wconf 93' lang='grc' dir='ltr'><strong>Ι.</strong></span> <span class='ocrx_word' id='word_1_858' title='bbox 1121 3824 1169 3882; x_wconf 84' lang='lat' dir='ltr'>ult.</span> <span class='ocrx_word' id='word_1_859' title='bbox 1188 3825 1216 3881; x_wconf 88' lang='lat' dir='ltr'>C.</span> <span class='ocrx_word' id='word_1_860' title='bbox 1235 3825 1260 3881; x_wconf 84' lang='grc' dir='ltr'><strong>Ι.</strong></span> <span class='ocrx_word' id='word_1_861' title='bbox 1288 3841 1309 3882; x_wconf 85' lang='lat' dir='ltr'>r.</span> <span class='ocrx_word' id='word_1_862' title='bbox 1327 3822 1410 3894; x_wconf 72' lang='lat' dir='ltr'>iunii.</span> <span class='ocrx_word' id='word_1_863' title='bbox 1430 3829 1448 3884; x_wconf 92' lang='grc' dir='ltr'><strong>Ι.</strong></span> <span class='ocrx_word' id='word_1_864' title='bbox 1465 3844 1522 3900; x_wconf 80' lang='lat' dir='ltr'>perr.</span> <span class='ocrx_word' id='word_1_865' title='bbox 1551 3831 1579 3885; x_wconf 83' lang='lat' dir='ltr'>in</span> <span class='ocrx_word' id='word_1_866' title='bbox 1589 3825 1648 3898; x_wconf 80' lang='lat' dir='ltr'>fiae</span> <span class='ocrx_word' id='word_1_867' title='bbox 1668 3824 1708 3899; x_wconf 79' lang='lat' dir='ltr'><em>ffi</em></span> <span class='ocrx_word' id='word_1_868' title='bbox 1728 3849 1783 3900; x_wconf 73' lang='lat' dir='ltr'>qua</span> <span class='ocrx_word' id='word_1_869' title='bbox 1801 3833 1831 3886; x_wconf 72' lang='lat' dir='ltr'>in</span> 
     </span>
     <span class='ocr_line' id='line_1_54' title="bbox 180 3891 1831 3971; baseline -0.002 -11"><span class='ocrx_word' id='word_1_870' title='bbox 180 3895 246 3960; x_wconf 81' lang='lat' dir='ltr'>d&#39;ato</span> <span class='ocrx_word' id='word_1_871' title='bbox 265 3894 443 3953; x_wconf 88' lang='lat' dir='ltr'>immobilium</span> <span class='ocrx_word' id='word_1_872' title='bbox 461 3900 531 3953; x_wconf 90' lang='lat' dir='ltr'>inest</span> <span class='ocrx_word' id='word_1_873' title='bbox 548 3895 700 3955; x_wconf 86' lang='lat' dir='ltr'>substantia</span> <span class='ocrx_word' id='word_1_874' title='bbox 714 3899 838 3969; x_wconf 90' lang='lat' dir='ltr'>depositi,</span> <span class='ocrx_word' id='word_1_875' title='bbox 858 3899 927 3954; x_wconf 87' lang='lat' dir='ltr'>inest</span> <span class='ocrx_word' id='word_1_876' title='bbox 944 3914 990 3953; x_wconf 88' lang='lat' dir='ltr'>cu·</span> <span class='ocrx_word' id='word_1_877' title='bbox 1012 3893 1108 3971; x_wconf 66' lang='lat' dir='ltr'>fraud.</span> <span class='ocrx_word' id='word_1_878' title='bbox 1127 3893 1217 3952; x_wconf 82' lang='lat' dir='ltr'>credit.</span> <span class='ocrx_word' id='word_1_879' title='bbox 1227 3891 1313 3965; x_wconf 66' lang='lat' dir='ltr'>fabia</span> <span class='ocrx_word' id='word_1_880' title='bbox 1330 3913 1392 3952; x_wconf 80' lang='lat' dir='ltr'>surr</span> <span class='ocrx_word' id='word_1_881' title='bbox 1410 3915 1440 3954; x_wconf 82' lang='lat' dir='ltr'>ur</span> <span class='ocrx_word' id='word_1_882' title='bbox 1458 3902 1541 3956; x_wconf 81' lang='lat' dir='ltr'>restit.</span> <span class='ocrx_word' id='word_1_883' title='bbox 1558 3897 1665 3958; x_wconf 83' lang='lat' dir='ltr'>Contra</span> <span class='ocrx_word' id='word_1_884' title='bbox 1682 3916 1763 3968; x_wconf 89' lang='lat' dir='ltr'>quam</span> <span class='ocrx_word' id='word_1_885' title='bbox 1780 3899 1831 3961; x_wconf 57' lang='lat' dir='ltr'>obe</span> 
     </span>
     <span class='ocr_line' id='line_1_55' title="bbox 181 3964 1831 4040; baseline 0.002 -18"><span class='ocrx_word' id='word_1_886' title='bbox 181 3967 280 4040; x_wconf 78' lang='lat' dir='ltr'>stedia,</span> <span class='ocrx_word' id='word_1_887' title='bbox 296 3968 366 4026; x_wconf 85' lang='lat' dir='ltr'>dum</span> <span class='ocrx_word' id='word_1_888' title='bbox 377 3965 605 4024; x_wconf 87' lang='lat' dir='ltr'>commodatarius</span> <span class='ocrx_word' id='word_1_889' title='bbox 620 3967 664 4024; x_wconf 88' lang='lat' dir='ltr'>vel</span> <span class='ocrx_word' id='word_1_890' title='bbox 692 3967 857 4024; x_wconf 84' lang='lat' dir='ltr'>immobilem</span> <span class='ocrx_word' id='word_1_891' title='bbox 873 3981 991 4026; x_wconf 80' lang='lat' dir='ltr'>commo</span> <span class='ocrx_word' id='word_1_892' title='bbox 1020 3966 1090 4024; x_wconf 90' lang='lat' dir='ltr'>tinet</span> <span class='ocrx_word' id='word_1_893' title='bbox 1098 4007 1109 4038; x_wconf 84' lang='lat'>„</span> <span class='ocrx_word' id='word_1_894' title='bbox 1127 3965 1151 4022; x_wconf 87' lang='lat' dir='ltr'>si</span> <span class='ocrx_word' id='word_1_895' title='bbox 1168 3977 1200 4022; x_wconf 80' lang='lat' dir='ltr'>en</span> <span class='ocrx_word' id='word_1_896' title='bbox 1218 3967 1292 4021; x_wconf 88' lang='lat' dir='ltr'>socio</span> <span class='ocrx_word' id='word_1_897' title='bbox 1310 3964 1433 4029; x_wconf 89' lang='lat' dir='ltr'>debitore</span> <span class='ocrx_word' id='word_1_898' title='bbox 1450 3985 1527 4029; x_wconf 86' lang='lat' dir='ltr'>suam</span> <span class='ocrx_word' id='word_1_899' title='bbox 1542 3977 1646 4036; x_wconf 86' lang='lat' dir='ltr'>partem</span> <span class='ocrx_word' id='word_1_900' title='bbox 1672 3985 1831 4033; x_wconf 81' lang='lat' dir='ltr'>consecutus</span> 
     </span>
     <span class='ocr_line' id='line_1_56' title="bbox 178 4032 1830 4108; baseline -0.004 -8"><span class='ocrx_word' id='word_1_901' title='bbox 178 4039 249 4102; x_wconf 87' lang='lat' dir='ltr'>dato</span> <span class='ocrx_word' id='word_1_902' title='bbox 266 4042 419 4107; x_wconf 84' lang='lat' dir='ltr'>accipiens,</span> <span class='ocrx_word' id='word_1_903' title='bbox 435 4037 519 4092; x_wconf 86' lang='lat' dir='ltr'>etiam</span> <span class='ocrx_word' id='word_1_904' title='bbox 537 4037 690 4096; x_wconf 87' lang='lat' dir='ltr'>custodiam</span> <span class='ocrx_word' id='word_1_905' title='bbox 712 4038 773 4100; x_wconf 80' lang='lat' dir='ltr'>e&#39;us</span> <span class='ocrx_word' id='word_1_906' title='bbox 790 4043 817 4096; x_wconf 91' lang='lat' dir='ltr'>in</span> <span class='ocrx_word' id='word_1_907' title='bbox 837 4056 866 4094; x_wconf 90' lang='lat' dir='ltr'>se</span> <span class='ocrx_word' id='word_1_908' title='bbox 881 4037 991 4107; x_wconf 89' lang='lat' dir='ltr'>recipit,</span> <span class='ocrx_word' id='word_1_909' title='bbox 1019 4045 1099 4106; x_wconf 89' lang='lat' dir='ltr'>esset,</span> <span class='ocrx_word' id='word_1_910' title='bbox 1117 4051 1168 4096; x_wconf 88' lang='lat' dir='ltr'>nec</span> <span class='ocrx_word' id='word_1_911' title='bbox 1185 4032 1283 4105; x_wconf 89' lang='lat' dir='ltr'>reliqui</span> <span class='ocrx_word' id='word_1_912' title='bbox 1299 4051 1362 4094; x_wconf 90' lang='lat' dir='ltr'>suas</span> <span class='ocrx_word' id='word_1_913' title='bbox 1380 4049 1468 4108; x_wconf 87' lang='lat' dir='ltr'>partes</span> <span class='ocrx_word' id='word_1_914' title='bbox 1486 4037 1523 4094; x_wconf 88' lang='lat' dir='ltr'>ob</span> <span class='ocrx_word' id='word_1_915' title='bbox 1540 4039 1607 4097; x_wconf 88' lang='lat' dir='ltr'>socii</span> <span class='ocrx_word' id='word_1_916' title='bbox 1627 4040 1745 4108; x_wconf 81' lang='lat' dir='ltr'>implam</span> <span class='ocrx_word' id='word_1_917' title='bbox 1763 4059 1830 4100; x_wconf 76' lang='lat' dir='ltr'>con-</span> 
     </span>
     <span class='ocr_line' id='line_1_57' title="bbox 183 4060 1833 4192; baseline 0.001 -28"><span class='ocrx_word' id='word_1_918' title='bbox 183 4125 296 4180; x_wconf 86' lang='lat' dir='ltr'>eamque</span> <span class='ocrx_word' id='word_1_919' title='bbox 314 4105 463 4178; x_wconf 83' lang='lat' dir='ltr'>pleniorem</span> <span class='ocrx_word' id='word_1_920' title='bbox 480 4124 560 4192; x_wconf 86' lang='lat' dir='ltr'>quam</span> <span class='ocrx_word' id='word_1_921' title='bbox 578 4124 612 4170; x_wconf 79' lang='lat' dir='ltr'>ert</span> <span class='ocrx_word' id='word_1_922' title='bbox 630 4060 860 4179; x_wconf 76' lang='lat' dir='ltr'>causadeposit15</span> <span class='ocrx_word' id='word_1_923' title='bbox 883 4123 944 4164; x_wconf 90' lang='lat' dir='ltr'>cum</span> <span class='ocrx_word' id='word_1_924' title='bbox 962 4107 991 4162; x_wconf 91' lang='lat' dir='ltr'>in</span> <span class='ocrx_word' id='word_1_925' title='bbox 1021 4109 1095 4174; x_wconf 90' lang='lat' dir='ltr'>sequi</span> <span class='ocrx_word' id='word_1_926' title='bbox 1113 4105 1265 4174; x_wconf 74' lang='lat' dir='ltr'>possent,=l.</span> <span class='ocrx_word' id='word_1_927' title='bbox 1284 4125 1376 4163; x_wconf 81' lang='lat' dir='ltr'>verum</span> <span class='ocrx_word' id='word_1_928' title='bbox 1394 4123 1434 4162; x_wconf 82' lang='lat' dir='ltr'>err</span> <span class='ocrx_word' id='word_1_929' title='bbox 1450 4103 1497 4164; x_wconf 81' lang='lat'><strong><em>63.</em></strong></span> <span class='ocrx_word' id='word_1_930' title='bbox 1515 4102 1541 4186; x_wconf 60' lang='grc' dir='ltr'><strong>ᾗ.</strong></span> <span class='ocrx_word' id='word_1_931' title='bbox 1556 4109 1590 4178; x_wconf 87' lang='lat' dir='ltr'>si,</span> <span class='ocrx_word' id='word_1_932' title='bbox 1608 4127 1669 4164; x_wconf 83' lang='lat' dir='ltr'>cum</span> <span class='ocrx_word' id='word_1_933' title='bbox 1687 4126 1739 4178; x_wconf 74' lang='lat' dir='ltr'>pres</span> <span class='ocrx_word' id='word_1_934' title='bbox 1757 4109 1782 4172; x_wconf 88' lang='lat'><strong><em>5.</em></strong></span> <span class='ocrx_word' id='word_1_935' title='bbox 1795 4107 1833 4184; x_wconf 53' lang='grc' dir='ltr'><em>ᾖ</em></span> 
     </span>
    </p>
   </div>
   <div class='ocr_carea' id='block_1_2' title="bbox 180 4170 1837 4584">
    <p class='ocr_par' dir='ltr' id='par_1_2' title="bbox 184 4170 1835 4256">
     <span class='ocr_line' id='line_1_58' title="bbox 184 4170 1835 4256; baseline 0.001 -20"><span class='ocrx_word' id='word_1_936' title='bbox 184 4181 217 4240; x_wconf 90' lang='lat' dir='ltr'>de</span> <span class='ocrx_word' id='word_1_937' title='bbox 253 4181 307 4236; x_wconf 90' lang='lat' dir='ltr'>sito</span> <span class='ocrx_word' id='word_1_938' title='bbox 321 4175 380 4236; x_wconf 82' lang='lat' dir='ltr'>sola</span> <span class='ocrx_word' id='word_1_939' title='bbox 399 4175 471 4249; x_wconf 86' lang='lat' dir='ltr'>iata,</span> <span class='ocrx_word' id='word_1_940' title='bbox 490 4195 519 4233; x_wconf 87' lang='lat' dir='ltr'>tn</span> <span class='ocrx_word' id='word_1_941' title='bbox 537 4180 712 4238; x_wconf 87' lang='lat' dir='ltr'>commodato</span> <span class='ocrx_word' id='word_1_942' title='bbox 739 4177 873 4238; x_wconf 85' lang='lat' dir='ltr'>levissima</span> <span class='ocrx_word' id='word_1_943' title='bbox 889 4193 993 4250; x_wconf 85' lang='lat' dir='ltr'>quoque</span> <span class='ocrx_word' id='word_1_944' title='bbox 1018 4189 1065 4248; x_wconf 85' lang='lat' dir='ltr'>prr</span> <span class='ocrx_word' id='word_1_945' title='bbox 1082 4175 1157 4231; x_wconf 84' lang='lat' dir='ltr'>socio.</span> <span class='ocrx_word' id='word_1_946' title='bbox 1181 4170 1263 4246; x_wconf 74' lang='lat' dir='ltr'>Quod</span> <span class='ocrx_word' id='word_1_947' title='bbox 1279 4175 1309 4234; x_wconf 71' lang='lat' dir='ltr'>si*</span> <span class='ocrx_word' id='word_1_948' title='bbox 1322 4175 1493 4235; x_wconf 87' lang='lat' dir='ltr'>individuum</span> <span class='ocrx_word' id='word_1_949' title='bbox 1538 4178 1585 4236; x_wconf 87' lang='lat' dir='ltr'>uid</span> <span class='ocrx_word' id='word_1_950' title='bbox 1605 4175 1755 4252; x_wconf 84' lang='lat' dir='ltr'>depositum</span> <span class='ocrx_word' id='word_1_951' title='bbox 1770 4185 1835 4256; x_wconf 86' lang='lat' dir='ltr'>sit,</span> 
     </span>
    </p>

    <p class='ocr_par' dir='ltr' id='par_1_3' title="bbox 185 4195 1833 4326">
     <span class='ocr_line' id='line_1_59' title="bbox 185 4195 1833 4326; baseline -0.002 -20"><span class='ocrx_word' id='word_1_952' title='bbox 185 4265 264 4324; x_wconf 78' lang='lat' dir='ltr'>cupa</span> <span class='ocrx_word' id='word_1_953' title='bbox 291 4263 323 4303; x_wconf 84' lang='lat' dir='ltr'>ac</span> <span class='ocrx_word' id='word_1_954' title='bbox 340 4247 464 4305; x_wconf 84' lang='lat' dir='ltr'>custodia</span> <span class='ocrx_word' id='word_1_955' title='bbox 481 4243 649 4308; x_wconf 77' lang='lat' dir='ltr'>exadiissima</span> <span class='ocrx_word' id='word_1_956' title='bbox 676 4249 829 4317; x_wconf 68' lang='lat' dir='ltr'>prestanda</span> <span class='ocrx_word' id='word_1_957' title='bbox 847 4251 957 4318; x_wconf 86' lang='lat' dir='ltr'>veniat,</span> <span class='ocrx_word' id='word_1_958' title='bbox 974 4245 992 4304; x_wconf 91' lang='grc' dir='ltr'><strong>Ι.</strong></span> <span class='ocrx_word' id='word_1_959' title='bbox 1022 4245 1171 4313; x_wconf 86' lang='lat' dir='ltr'>unicuique</span> <span class='ocrx_word' id='word_1_960' title='bbox 1188 4261 1221 4301; x_wconf 80' lang='lat' dir='ltr'>ert</span> <span class='ocrx_word' id='word_1_961' title='bbox 1240 4242 1359 4313; x_wconf 83' lang='lat' dir='ltr'>pluribus</span> <span class='ocrx_word' id='word_1_962' title='bbox 1377 4195 1594 4318; x_wconf 63' lang='lat' dir='ltr'>deponentibus,</span> <span class='ocrx_word' id='word_1_963' title='bbox 1612 4248 1769 4326; x_wconf 75' lang='lat' dir='ltr'>pluribusve</span> <span class='ocrx_word' id='word_1_964' title='bbox 1783 4253 1833 4313; x_wconf 74' lang='lat' dir='ltr'>de·</span> 
     </span>
    </p>

    <p class='ocr_par' dir='ltr' id='par_1_4' title="bbox 180 4311 1834 4394">
     <span class='ocr_line' id='line_1_60' title="bbox 180 4311 1834 4394; baseline 0.001 -20"><span class='ocrx_word' id='word_1_965' title='bbox 180 4325 219 4394; x_wconf 72' lang='lat'>¹51¹,</span> <span class='ocrx_word' id='word_1_966' title='bbox 236 4335 267 4378; x_wconf 83' lang='lat' dir='ltr'>ut</span> <span class='ocrx_word' id='word_1_967' title='bbox 285 4334 353 4374; x_wconf 83' lang='lat' dir='ltr'>certe</span> <span class='ocrx_word' id='word_1_968' title='bbox 370 4317 396 4376; x_wconf 85' lang='lat'><strong><em>5.</em></strong></span> <span class='ocrx_word' id='word_1_969' title='bbox 423 4311 449 4389; x_wconf 65' lang='lat' dir='ltr'>p.</span> <span class='ocrx_word' id='word_1_970' title='bbox 468 4338 538 4376; x_wconf 83' lang='lat' dir='ltr'>nunc</span> <span class='ocrx_word' id='word_1_971' title='bbox 556 4317 699 4376; x_wconf 82' lang='lat' dir='ltr'>videndum</span> <span class='ocrx_word' id='word_1_972' title='bbox 716 4336 742 4376; x_wconf 87' lang='lat'><strong><em>2.</em></strong></span> <span class='ocrx_word' id='word_1_973' title='bbox 761 4321 789 4377; x_wconf 82' lang='lat' dir='ltr'>ir</span> <span class='ocrx_word' id='word_1_974' title='bbox 800 4319 858 4392; x_wconf 80' lang='lat' dir='ltr'>fine</span> <span class='ocrx_word' id='word_1_975' title='bbox 870 4313 907 4386; x_wconf 86' lang='lat' dir='ltr'><strong><em>ff.</em></strong></span> <span class='ocrx_word' id='word_1_976' title='bbox 924 4335 994 4372; x_wconf 83' lang='lat' dir='ltr'>corn·</span> <span class='ocrx_word' id='word_1_977' title='bbox 1024 4319 1149 4386; x_wconf 88' lang='lat' dir='ltr'>ponentis</span> <span class='ocrx_word' id='word_1_978' title='bbox 1166 4315 1245 4372; x_wconf 85' lang='lat' dir='ltr'>unius</span> <span class='ocrx_word' id='word_1_979' title='bbox 1262 4313 1422 4386; x_wconf 86' lang='lat' dir='ltr'>heredibus,</span> <span class='ocrx_word' id='word_1_980' title='bbox 1439 4317 1510 4380; x_wconf 79' lang='lat' dir='ltr'>adlio</span> <span class='ocrx_word' id='word_1_981' title='bbox 1536 4318 1651 4389; x_wconf 86' lang='lat' dir='ltr'>depositi</span> <span class='ocrx_word' id='word_1_982' title='bbox 1670 4323 1698 4376; x_wconf 87' lang='lat' dir='ltr'>iu</span> <span class='ocrx_word' id='word_1_983' title='bbox 1717 4323 1834 4382; x_wconf 82' lang='lat' dir='ltr'>solidum</span> 
     </span>
    </p>

    <p class='ocr_par' dir='ltr' id='par_1_5' title="bbox 186 4384 1835 4464">
     <span class='ocr_line' id='line_1_61' title="bbox 186 4384 1835 4464; baseline 0 -19"><span class='ocrx_word' id='word_1_984' title='bbox 186 4388 297 4450; x_wconf 77' lang='lat' dir='ltr'>medati.</span> <span class='ocrx_word' id='word_1_985' title='bbox 318 4385 355 4444; x_wconf 78' lang='lat' dir='ltr'>lit</span> <span class='ocrx_word' id='word_1_986' title='bbox 372 4390 495 4460; x_wconf 84' lang='lat' dir='ltr'>quamvis</span> <span class='ocrx_word' id='word_1_987' title='bbox 504 4391 659 4464; x_wconf 81' lang='lat' dir='ltr'>negandum</span> <span class='ocrx_word' id='word_1_988' title='bbox 669 4408 725 4448; x_wconf 91' lang='lat' dir='ltr'>non</span> <span class='ocrx_word' id='word_1_989' title='bbox 735 4395 780 4461; x_wconf 85' lang='lat' dir='ltr'>sit,</span> <span class='ocrx_word' id='word_1_990' title='bbox 788 4391 853 4460; x_wconf 90' lang='lat' dir='ltr'>quin</span> <span class='ocrx_word' id='word_1_991' title='bbox 872 4389 900 4447; x_wconf 83' lang='lat' dir='ltr'>dt</span> <span class='ocrx_word' id='word_1_992' title='bbox 918 4401 995 4443; x_wconf 79' lang='lat' dir='ltr'>nran-</span> <span class='ocrx_word' id='word_1_993' title='bbox 1024 4385 1152 4457; x_wconf 90' lang='lat' dir='ltr'>competit</span> <span class='ocrx_word' id='word_1_994' title='bbox 1159 4405 1172 4451; x_wconf 91' lang='lat'>,·</span> <span class='ocrx_word' id='word_1_995' title='bbox 1189 4384 1270 4444; x_wconf 91' lang='lat' dir='ltr'>modo</span> <span class='ocrx_word' id='word_1_996' title='bbox 1287 4398 1382 4444; x_wconf 79' lang='lat' dir='ltr'>careat</span> <span class='ocrx_word' id='word_1_997' title='bbox 1401 4404 1504 4458; x_wconf 80' lang='lat' dir='ltr'>agens,</span> <span class='ocrx_word' id='word_1_998' title='bbox 1529 4389 1564 4446; x_wconf 84' lang='lat' dir='ltr'>cle</span> <span class='ocrx_word' id='word_1_999' title='bbox 1581 4385 1701 4460; x_wconf 82' lang='lat' dir='ltr'>partibus</span> <span class='ocrx_word' id='word_1_1000' title='bbox 1719 4391 1835 4452; x_wconf 84' lang='lat' dir='ltr'>aliorum</span> 
     </span>
    </p>

    <p class='ocr_par' dir='ltr' id='par_1_6' title="bbox 187 4453 1837 4584">
     <span class='ocr_line' id='line_1_62' title="bbox 187 4453 1837 4584; baseline -0.004 -62"><span class='ocrx_word' id='word_1_1001' title='bbox 187 4461 251 4522; x_wconf 87' lang='lat' dir='ltr'>dari</span> <span class='ocrx_word' id='word_1_1002' title='bbox 269 4473 358 4518; x_wconf 90' lang='lat' dir='ltr'>retum</span> <span class='ocrx_word' id='word_1_1003' title='bbox 375 4459 552 4518; x_wconf 90' lang='lat' dir='ltr'>immobilium</span> <span class='ocrx_word' id='word_1_1004' title='bbox 563 4461 685 4518; x_wconf 86' lang='lat' dir='ltr'>custodia</span> <span class='ocrx_word' id='word_1_1005' title='bbox 704 4462 806 4584; x_wconf 66' lang='lat' dir='ltr'>possit,</span> <span class='ocrx_word' id='word_1_1006' title='bbox 825 4461 886 4528; x_wconf 87' lang='lat' dir='ltr'>quia</span> <span class='ocrx_word' id='word_1_1007' title='bbox 905 4469 995 4514; x_wconf 79' lang='lat' dir='ltr'>tamen</span> <span class='ocrx_word' id='word_1_1008' title='bbox 1024 4453 1188 4514; x_wconf 88' lang='lat' dir='ltr'>coheredum</span> <span class='ocrx_word' id='word_1_1009' title='bbox 1204 4467 1253 4514; x_wconf 78' lang='lat' dir='ltr'>stit</span> <span class='ocrx_word' id='word_1_1010' title='bbox 1270 4456 1350 4516; x_wconf 91' lang='lat' dir='ltr'>simui</span> <span class='ocrx_word' id='word_1_1011' title='bbox 1367 4456 1562 4526; x_wconf 89' lang='lat' dir='ltr'>deponentium</span> <span class='ocrx_word' id='word_1_1012' title='bbox 1581 4457 1683 4514; x_wconf 79' lang='lat' dir='ltr'>nullum</span> <span class='ocrx_word' id='word_1_1013' title='bbox 1701 4459 1837 4530; x_wconf 55' lang='lat' dir='ltr'>depositae</span> 
     </span>
     <span class='ocr_line' id='line_1_63' title="bbox 806 4547 822 4584; baseline 0 0"><span class='ocrx_word' id='word_1_1014' title='bbox 806 4547 822 4584; x_wconf 89' lang='lat' dir='ltr'>a</span> 
     </span>
    </p>
   </div>
   <div class='ocr_carea' id='block_1_3' title="bbox 179 4523 1842 4876">
    <p class='ocr_par' dir='ltr' id='par_1_7' title="bbox 179 4523 1842 4876">
     <span class='ocr_line' id='line_1_64' title="bbox 179 4523 1838 4602; baseline 0 -18"><span class='ocrx_word' id='word_1_1015' title='bbox 179 4531 218 4588; x_wconf 87' lang='lat' dir='ltr'>&#39;in</span> <span class='ocrx_word' id='word_1_1016' title='bbox 232 4529 366 4589; x_wconf 86' lang='lat' dir='ltr'>mandato</span> <span class='ocrx_word' id='word_1_1017' title='bbox 392 4527 544 4602; x_wconf 83' lang='lat' dir='ltr'>leuissima,</span> <span class='ocrx_word' id='word_1_1018' title='bbox 568 4533 596 4587; x_wconf 92' lang='lat' dir='ltr'>in</span> <span class='ocrx_word' id='word_1_1019' title='bbox 615 4531 739 4599; x_wconf 87' lang='lat' dir='ltr'>deposito</span> <span class='ocrx_word' id='word_1_1020' title='bbox 764 4539 795 4587; x_wconf 88' lang='lat' dir='ltr'>so</span> <span class='ocrx_word' id='word_1_1021' title='bbox 848 4528 903 4584; x_wconf 83' lang='lat' dir='ltr'>luta</span> <span class='ocrx_word' id='word_1_1022' title='bbox 919 4527 996 4597; x_wconf 84' lang='lat' dir='ltr'>culpa</span> <span class='ocrx_word' id='word_1_1023' title='bbox 1027 4528 1069 4582; x_wconf 90' lang='lat' dir='ltr'>rio</span> <span class='ocrx_word' id='word_1_1024' title='bbox 1086 4529 1238 4584; x_wconf 84' lang='lat' dir='ltr'>restituenti</span> <span class='ocrx_word' id='word_1_1025' title='bbox 1256 4523 1332 4583; x_wconf 88' lang='lat' dir='ltr'>litem</span> <span class='ocrx_word' id='word_1_1026' title='bbox 1350 4523 1426 4586; x_wconf 81' lang='lat' dir='ltr'>fore.</span> <span class='ocrx_word' id='word_1_1027' title='bbox 1450 4526 1541 4602; x_wconf 77' lang='lat' dir='ltr'>Quam</span> <span class='ocrx_word' id='word_1_1028' title='bbox 1558 4530 1712 4590; x_wconf 86' lang='lat' dir='ltr'>cautionem</span> <span class='ocrx_word' id='word_1_1029' title='bbox 1730 4531 1754 4584; x_wconf 92' lang='lat' dir='ltr'>si</span> <span class='ocrx_word' id='word_1_1030' title='bbox 1772 4549 1838 4600; x_wconf 69' lang='lat' dir='ltr'>prp-</span> 
     </span>
     <span class='ocr_line' id='line_1_65' title="bbox 183 4592 1839 4675; baseline 0 -18"><span class='ocrx_word' id='word_1_1031' title='bbox 183 4614 348 4675; x_wconf 74' lang='lat' dir='ltr'>ptustatut,</span> <span class='ocrx_word' id='word_1_1032' title='bbox 366 4593 443 4658; x_wconf 78' lang='lat' dir='ltr'>facile</span> <span class='ocrx_word' id='word_1_1033' title='bbox 461 4603 575 4670; x_wconf 92' lang='lat' dir='ltr'>quisque</span> <span class='ocrx_word' id='word_1_1034' title='bbox 593 4601 709 4668; x_wconf 89' lang='lat' dir='ltr'>depositi</span> <span class='ocrx_word' id='word_1_1035' title='bbox 728 4599 915 4658; x_wconf 79' lang='lat' dir='ltr'>titulore&#39;rum</span> <span class='ocrx_word' id='word_1_1036' title='bbox 932 4597 998 4657; x_wconf 90' lang='lat' dir='ltr'>alie·</span> <span class='ocrx_word' id='word_1_1037' title='bbox 1028 4609 1098 4654; x_wconf 87' lang='lat' dir='ltr'>stare</span> <span class='ocrx_word' id='word_1_1038' title='bbox 1115 4592 1191 4652; x_wconf 71' lang='lat' dir='ltr'>atior</span> <span class='ocrx_word' id='word_1_1039' title='bbox 1207 4593 1357 4669; x_wconf 73' lang='lat' dir='ltr'>dettediet,</span> <span class='ocrx_word' id='word_1_1040' title='bbox 1374 4599 1529 4667; x_wconf 88' lang='lat' dir='ltr'>depositarii</span> <span class='ocrx_word' id='word_1_1041' title='bbox 1548 4611 1588 4656; x_wconf 89' lang='lat' dir='ltr'>est</span> <span class='ocrx_word' id='word_1_1042' title='bbox 1605 4615 1662 4658; x_wconf 88' lang='lat' dir='ltr'>rem</span> <span class='ocrx_word' id='word_1_1043' title='bbox 1680 4603 1708 4654; x_wconf 88' lang='lat' dir='ltr'>in</span> <span class='ocrx_word' id='word_1_1044' title='bbox 1726 4599 1780 4658; x_wconf 84' lang='lat' dir='ltr'>aede</span> <span class='ocrx_word' id='word_1_1045' title='bbox 1797 4617 1839 4658; x_wconf 84' lang='lat' dir='ltr'>sa·</span> 
     </span>
     <span class='ocr_line' id='line_1_66' title="bbox 190 4666 1842 4742; baseline -0.002 -13"><span class='ocrx_word' id='word_1_1046' title='bbox 190 4687 289 4730; x_wconf 88' lang='lat' dir='ltr'>narum</span> <span class='ocrx_word' id='word_1_1047' title='bbox 305 4671 454 4732; x_wconf 85' lang='lat' dir='ltr'>custodiam</span> <span class='ocrx_word' id='word_1_1048' title='bbox 472 4673 601 4742; x_wconf 90' lang='lat' dir='ltr'>recipiet,</span> <span class='ocrx_word' id='word_1_1049' title='bbox 618 4667 756 4729; x_wconf 80' lang='lat' dir='ltr'>difficilius</span> <span class='ocrx_word' id='word_1_1050' title='bbox 774 4669 818 4728; x_wconf 92' lang='lat' dir='ltr'>ion</span> <span class='ocrx_word' id='word_1_1051' title='bbox 837 4689 852 4726; x_wconf 86' lang='lat' dir='ltr'>e</span> <span class='ocrx_word' id='word_1_1052' title='bbox 868 4685 900 4726; x_wconf 78' lang='lat' dir='ltr'>es</span> <span class='ocrx_word' id='word_1_1053' title='bbox 918 4684 998 4726; x_wconf 83' lang='lat' dir='ltr'>causa</span> <span class='ocrx_word' id='word_1_1054' title='bbox 1028 4684 1074 4724; x_wconf 88' lang='lat' dir='ltr'>cra</span> <span class='ocrx_word' id='word_1_1055' title='bbox 1092 4669 1125 4726; x_wconf 90' lang='lat' dir='ltr'>de</span> <span class='ocrx_word' id='word_1_1056' title='bbox 1144 4680 1233 4736; x_wconf 91' lang='lat' dir='ltr'>onete,</span> <span class='ocrx_word' id='word_1_1057' title='bbox 1251 4679 1282 4727; x_wconf 87' lang='lat' dir='ltr'>ut</span> <span class='ocrx_word' id='word_1_1058' title='bbox 1300 4669 1376 4724; x_wconf 89' lang='lat' dir='ltr'>omni</span> <span class='ocrx_word' id='word_1_1059' title='bbox 1395 4666 1503 4727; x_wconf 80' lang='lat' dir='ltr'>atiione</span> <span class='ocrx_word' id='word_1_1060' title='bbox 1520 4669 1635 4740; x_wconf 88' lang='lat' dir='ltr'>depositi</span> <span class='ocrx_word' id='word_1_1061' title='bbox 1655 4667 1795 4740; x_wconf 87' lang='lat' dir='ltr'>liberetur,</span> <span class='ocrx_word' id='word_1_1062' title='bbox 1814 4671 1842 4726; x_wconf 82' lang='lat' dir='ltr'>d.</span> 
     </span>
     <span class='ocr_line' id='line_1_67' title="bbox 182 4684 1842 4820; baseline -0.002 -18"><span class='ocrx_word' id='word_1_1063' title='bbox 182 4745 332 4818; x_wconf 79' lang='lat' dir='ltr'>mandati,</span> <span class='ocrx_word' id='word_1_1064' title='bbox 350 4743 379 4797; x_wconf 89' lang='lat' dir='ltr'>in</span> <span class='ocrx_word' id='word_1_1065' title='bbox 416 4757 451 4798; x_wconf 90' lang='lat' dir='ltr'>uo</span> <span class='ocrx_word' id='word_1_1066' title='bbox 465 4739 547 4796; x_wconf 84' lang='lat' dir='ltr'>&#39;nihil</span> <span class='ocrx_word' id='word_1_1067' title='bbox 564 4738 735 4817; x_wconf 76' lang='lat' dir='ltr'>negledium,</span> <span class='ocrx_word' id='word_1_1068' title='bbox 751 4754 799 4806; x_wconf 82' lang='lat' dir='ltr'>aut</span> <span class='ocrx_word' id='word_1_1069' title='bbox 816 4687 999 4816; x_wconf 75' lang='lat' dir='ltr'>declinatum,</span> <span class='ocrx_word' id='word_1_1070' title='bbox 1029 4740 1048 4810; x_wconf 84' lang='grc' dir='ltr'><strong>Ι.</strong></span> <span class='ocrx_word' id='word_1_1071' title='bbox 1069 4755 1094 4802; x_wconf 86' lang='lat'>1·</span> <span class='ocrx_word' id='word_1_1072' title='bbox 1114 4684 1142 4814; x_wconf 60' lang='lat' dir='ltr'>pp</span> <span class='ocrx_word' id='word_1_1073' title='bbox 1151 4739 1182 4796; x_wconf 49' lang='lat' dir='ltr'>¹ri</span> <span class='ocrx_word' id='word_1_1074' title='bbox 1191 4741 1307 4814; x_wconf 63' lang='lat' dir='ltr'>prunis</span> <span class='ocrx_word' id='word_1_1075' title='bbox 1325 4735 1468 4812; x_wconf 79' lang='lat' dir='ltr'>36.irfirre</span> <span class='ocrx_word' id='word_1_1076' title='bbox 1479 4735 1518 4816; x_wconf 83' lang='lat' dir='ltr'><strong><em>ff.</em></strong></span> <span class='ocrx_word' id='word_1_1077' title='bbox 1533 4738 1563 4820; x_wconf 83' lang='lat' dir='ltr'>¹b.</span> <span class='ocrx_word' id='word_1_1078' title='bbox 1582 4755 1602 4800; x_wconf 88' lang='lat' dir='ltr'>t.</span> <span class='ocrx_word' id='word_1_1079' title='bbox 1620 4735 1652 4802; x_wconf 87' lang='lat' dir='ltr'>Si</span> <span class='ocrx_word' id='word_1_1080' title='bbox 1670 4751 1762 4804; x_wconf 81' lang='lat' dir='ltr'>tamen</span> <span class='ocrx_word' id='word_1_1081' title='bbox 1781 4737 1842 4814; x_wconf 86' lang='lat' dir='ltr'>piu·</span> 
     </span>
     <span class='ocr_line' id='line_1_68' title="bbox 182 4807 1563 4876; baseline 0.001 -5"><span class='ocrx_word' id='word_1_1082' title='bbox 182 4827 203 4840; x_wconf 88' lang='lat'>··</span> <span class='ocrx_word' id='word_1_1083' title='bbox 245 4811 385 4876; x_wconf 40' lang='lat' dir='ltr'>suaerat</span> <span class='ocrx_word' id='word_1_1084' title='bbox 438 4810 525 4876; x_wconf 70' lang='lat' dir='ltr'>ndu.</span> <span class='ocrx_word' id='word_1_1085' title='bbox 542 4809 695 4876; x_wconf 61' lang='lat' dir='ltr'>taedii.</span> <span class='ocrx_word' id='word_1_1086' title='bbox 736 4827 739 4834; x_wconf 87' lang='lat'>&#39;</span> <span class='ocrx_word' id='word_1_1087' title='bbox 776 4827 800 4842; x_wconf 86' lang='grc'>··</span> <span class='ocrx_word' id='word_1_1088' title='bbox 1065 4835 1070 4844; x_wconf 67' lang='grc'><strong>’</strong></span> <span class='ocrx_word' id='word_1_1089' title='bbox 1252 4825 1254 4828; x_wconf 82' lang='grc'><strong>’</strong></span> <span class='ocrx_word' id='word_1_1090' title='bbox 1530 4807 1563 4873; x_wconf 80' lang='lat'>15</span> 
     </span>
    </p>
   </div>
   <div class='ocr_carea' id='block_1_4' title="bbox 0 0 2046 5344">
    <p class='ocr_par' dir='ltr' id='par_1_8' title="bbox 0 0 2046 5344">
     <span class='ocr_line' id='line_1_69' title="bbox 0 0 2046 5344; baseline 0 0"><span class='ocrx_word' id='word_1_1091' title='bbox 0 0 2046 5344; x_wconf 95' lang='lat' dir='ltr'> </span> 
     </span>
    </p>
   </div>
  </div>
 </body>
</html>
