4026 5360
293 239 360 288 που
502 197 512 214 ”
927 221 1155 288 mortalit.
1175 223 1211 289 V.

248 316 396 391 negotium,
413 313 485 387 quod
504 331 558 371 non
576 311 747 372 erat'solit'us
757 310 854 372 absens
869 314 997 374 domnus
1015 311 1069 378 la·¹
1087 309 1115 371 6.
1125 299 1150 386 6.
1162 313 1211 371 ult.
1221 312 1241 368 l.
1251 310 1362 374 clivonio
1379 307 1422 372 35.
1432 305 1458 387 §.
1468 313 1516 372 alr.
1532 313 1606 402 iqui
1622 293 1680 374 tine
1697 319 1784 378 usuris
1795 316 1835 396 ffi
1852 313 1896 382 &a

244 405 317 460 cere,
337 385 381 442 hic
399 388 511 444 nomine
530 383 586 458 ejus
603 397 688 471 gerat²
698 386 786 444 veluti
803 382 963 444 funerando
976 406 1057 456 pecu-
1086 383 1111 442 b.
1121 399 1142 440 t.
1153 383 1195 441 vel
1213 401 1269 444 non
1285 384 1382 442 solitus
1401 379 1484 444 suerit
1501 385 1627 444 dommus
1644 391 1896 462 pecuniasucasfoe-

247 465 317 530 nias,
334 475 399 528 quas
416 458 542 516 dominus
560 470 619 513 erut
636 455 731 515 solinus
749 454 848 514 habere
874 464 990 530 otiosas,
1009 469 1057 516 aut
1086 472 1194 526 uetare,
1210 455 1478 529 argtquinmism
1492 449 1563 530 156.
1578 453 1640 532 effi
1654 457 1792 533 hunonis,
1810 465 1893 526 scd&

237 527 357 590 venales
376 529 497 586 novicios
514 529 672 600 coemendo,
691 527 737 584 vel
753 527 871 601 aliquam
889 529 1056 602 negotiatio·
1087 537 1206 595 tempore
1224 526 1267 584 vel
1284 537 1375 585 morte
1392 523 1544 590 extinblum
1562 530 1635 603 exigi
1645 528 1824 590 nihilominue
1842 531 1893 592 hac

248 617 312 658 nem
331 600 471 667 ineund03
491 615 565 670 nam,
582 597 693 671 siquod
710 602 838 658 damnum
856 617 889 658 en
907 618 940 658 ee
969 617 998 658 re
1014 617 1056 656 ee·
1085 593 1193 676 aliioue
1211 600 1304 674 possit,
1323 599 1342 658 l.
1354 600 1375 655 ri
1392 613 1484 654 aorem
1500 595 1526 655 6.
1537 597 1555 656 l.
1565 601 1659 674 atquin
1673 615 1713 674 ¹9·
1716 602 1754 676 ff.
1765 603 1816 660 bn.
1825 623 1894 676 qua-

244 686 339 729 cutum
358 668 450 741 suerit,
468 683 602 742 gestorem
627 669 770 742 gravabit:
795 672 907 740 siquod
934 669 1056 742 luctum,
1086 669 1109 724 si
1128 684 1183 736 tam
1199 685 1232 725 ex
1250 686 1283 726 eo
1300 683 1428 740 tempore,
1455 685 1509 738 quo
1532 671 1642 743 negotio
1667 682 1724 744 geri
1750 689 1895 750 coeperunt,

265 742 366 800 ruderit
385 741 512 798 domino:
531 751 561 798 ut
580 741 714 812 tamen‚si
733 744 763 797 in
777 740 937 811 quibudam
954 739 1057 798 lucrum
1085 734 1158 794 aetio
1175 749 1297 809 tempore
1316 741 1358 798 vel
1375 750 1463 804 morte
1480 742 1596 814 periens,
1623 741 1757 801 transiisse
1774 759 1843 803 esset
1862 747 1893 803 in

245 763 348 870 ludium
366 809 458 884 merit,
476 813 505 865 in
523 810 681 880 quibusdam
697 811 837 882 damnum,
854 810 950 870 absens
967 811 1056 870 domi-
1086 811 1255 880 negotiorum
1271 821 1409 884 gestorum
1425 805 1571 870 aelionem·
1598 807 1666 885 Qua
1690 815 1718 874 ἃ
1745 819 1775 872 in
1792 819 1893 874 nterito

211 925 221 938 .
247 901 298 941 nus
316 881 418 939 lucrum
431 878 528 941 debeat
546 899 608 939 cum
627 883 727 940 damno
746 901 866 955 pensare,
875 883 894 940 l.
912 885 936 938 si
952 884 1056 1006 typario
1085 890 1145 947 post
1162 878 1312 940 divortitun
1327 879 1450 940 debitore
1466 881 1539 940 dotis
1554 879 1693 956 obtinent,
1710 889 1732 942 si
1742 889 1893 952 uxorissue

247 971 291 1010 22.
336 953 387 1011 .h.
405 967 426 1009 t.
445 955 541 1021 (secus
558 969 640 1022 quam
657 967 697 1010 est
715 954 745 1009 in
763 955 906 1027 societate,
924 953 943 1009 l.
980 953 1056 1010 cilo
1086 951 1195 1022 negotia
1211 953 1332 1024 gesserit,
1349 953 1377 1010 ἃ
1396 969 1408 1004 e
1430 970 1457 1008 se
1475 953 1483 1004 i
1501 971 1532 1012 so
1549 951 1641 1010 dotem
1659 959 1844 1030 nonexegerit
1860 977 1893 1018 eo

249 1020 295 1082 25.
333 1039 384 1079 .2.
404 1022 438 1088 (15
456 1024 484 1079 ll.
502 1043 566 1095 seqq.
581 1019 662 1094 fflpro
680 1020 872 1097 socio).Sic&
891 1019 1055 1093 oar'umpre*
1085 1034 1097 1075 t
1141 1037 1215 1096 pote,
1232 1040 1286 1092 quo
1304 1024 1333 1081 in
1350 1019 1467 1082 solidum
1513 1043 1573 1082 cere
1598 1036 1719 1098 poterat,
1743 1025 1892 1088 ldioortio

248 1108 313 1165 stat,
329 1095 353 1151 si
370 1097 513 1164 pecuniam
530 1111 563 1150 ex
573 1095 731 1153 venditione
746 1097 911 1167 prediorum,
919 1109 966 1162 aut
984 1093 1056 1152 atde·v
1103 1087 1234 1164 5.ff·'b.t.
1252 1089 1329 1164 Qum
1355 1099 1420 1166 imo,
1446 1095 1470 1149 si
1494 1107 1584 1170 gestor
1601 1097 1753 1166 immudcns
1780 1097 1814 1156 ab
1837 1097 1893 1156 ulio

249 1165 383 1224 bitoribus
400 1163 523 1226 absentis
540 1162 672 1238 osanam,
690 1183 747 1226 non
763 1165 911 1224 exsolverit
937 1163 1057 1222 absentis
1085 1163 1182 1220 emerit
1198 1183 1256 1221 rem
1272 1161 1492 1236 absentisqeuius
1509 1165 1617 1238 negotia
1634 1165 1758 1240 curabat,
1783 1187 1815 1225 ac
1832 1186 1893 1228 eam

249 1235 450 1304 creditoribus,·
466 1247 547 1306 atque
566 1237 605 1291 ita
622 1253 654 1294 ea
672 1255 753 1307 penes
780 1249 913 1310 gestorem
940 1241 1056 1304 reposita
1086 1231 1205 1290 absentis
1221 1254 1277 1293 esse
1294 1247 1359 1294 ante
1376 1233 1516 1305 impletam
1543 1237 1730 1306 usucapionem
1756 1257 1788 1296 co
1808 1257 1891 1302 nove-

249 1327 363 1365 manens
378 1309 436 1365 sine
453 1305 531 1377 culpa
548 1303 604 1377 eius
622 1310 740 1381 perierit,
757 1307 775 1364 l.
793 1307 894 1364 debitor
918 1327 991 1364 nreur
1009 1301 1055 1362 23.
1086 1305 1143 1369 rit3
1161 1303 1312 1372 injunlium
1329 1306 1363 1376 ei,
1381 1321 1411 1366 ut
1428 1304 1547 1377 aliquem
1563 1304 1698 1382 subjiciat,
1716 1310 1761 1381 qui
1779 1257 1816 1366 ab
1834 1311 1892 1382 ipso

243 1377 282 1456 ff.
302 1379 327 1436 b.
347 1395 367 1435 r.
385 1384 424 1436 uti
442 1381 521 1449 insi
539 1381 690 1448 predonem
754 1384 794 1438 ius
811 1376 992 1453 ageretq‘uam
1008 1395 1056 1450 ge·
1086 1385 1160 1443 petat
1177 1391 1236 1433 rem
1253 1375 1372 1435 absentis
1389 1379 1503 1438 nomine
1517 1375 1653 1436 absentis:
1686 1393 1716 1437 ut
1740 1380 1779 1436 ita
1796 1381 1824 1440 ἃ
1843 1379 1892 1438 ab·

250 1459 435 1523 ttorem,.non
453 1449 558 1507 dominr
584 1463 710 1518 contemp
738 1452 833 1521 tione,
850 1451 902 1508 sed
922 1453 963 1508 sui
989 1447 1058 1508 lucri
1085 1446 1155 1502 senti
1174 1465 1216 1503 res
1233 1464 1282 1504 sua
1298 1446 1436 1518 salvarit,
1454 1451 1482 1508 dr
1517 1453 1598 1515 estori
1615 1445 1688 1507 allio
1712 1468 1746 1508 ex
1763 1449 1892 1520 stipulatu

249 1540 340 1590 causa,
358 1519 480 1590 improbe
497 1521 532 1577 ad
550 1524 657 1596 negotia
681 1521 799 1592 gerenda
824 1521 955 1580 accedeus
997 1520 1015 1575 l.
1034 1522 1057 1574 ti
1085 1515 1120 1574 de
1137 1517 1273 1576 evillione
1289 1523 1483 1578 committatur.
1532 1523 1563 1578 ec
1580 1518 1715 1578 videbitur
1731 1519 1824 1579 dolium
1834 1539 1891 1577 ma-

246 1591 339 1663 pnpilli
354 1591 380 1652 6.
399 1586 425 1665 6.
444 1589 646 1664 redditionis
664 1585 689 1646 5.
701 1587 741 1664 ff.
760 1591 787 1648 b.
805 1605 825 1647 r.
835 1608 891 1665 arg.
910 1591 928 1648 l.
940 1557 1057 1671 sthim-
1086 1584 1143 1643 lum
1159 1583 1253 1670 fecisse
1270 1591 1300 1644 in
1319 1589 1369 1646 hac
1386 1585 1566 1668 subioiiione3
1584 1591 1647 1662 quia
1666 1589 1726 1648 ideo
1744 1587 1796 1647 hoc
1806 1590 1891 1652 lacere

250 1685 292 1719 sor
310 1659 352 1718 52.
371 1661 470 1731 verbis,
487 1681 539 1719 non
556 1667 640 1719 eriam
658 1681 761 1734 casum,
790 1665 839 1722 oia
853 1660 1057 1745 predofidesus-
1086 1655 1191 1731 debuit,
1208 1677 1244 1716 ne
1261 1668 1399 1718 teneretur
1425 1678 1443 1716 n
1476 1663 1594 1720 otiorum
1619 1673 1758 1732 gestorum
1774 1657 1892 1738 aliisue,

250 1756 290 1791 sor
308 1753 359 1790 non
376 1733 488 1805 viderur,
496 1729 535 1806 ff.
553 1733 579 1790 h.
596 1749 616 1790 r.
632 1735 663 1792 dr
676 1681 854 1864 generaliter,
870 1743 975 1806 quoties
1000 1749 1057 1790 non
1089 1728 1108 1811 l.
1117 1733 1212 1813 atquin
1225 1743 1265 1802 19.
1275 1723 1300 1804 6.
1307 1750 1368 1814 cum
1381 1751 1423 1786 me
1451 1727 1501 1805 ff.
1517 1731 1542 1792 b.
1559 1748 1579 1788 ι.
1599 1751 1647 1792 nec
1667 1730 1787 1790 fraudem
1805 1731 1892 1792 facere

248 1818 336 1876 potest
352 1805 674 1862 dominumconvenirea
705 1806 766 1862 ione
775 1808 922 1875 contraria,
931 1804 1057 1873 n‘stqua-
1086 1799 1320 1874 intelligitur,qur
1339 1797 1524 1860 fraudemaut
1542 1803 1771 1866 autumentur
1798 1805 1827 1864 br
1843 1823 1890 1862 er·

249 1890 329 1933 tenus
347 1875 369 1930 is
388 1869 547 1946 locupletior
564 1872 650 1932 fadus
665 1889 713 1933 est.
730 1871 883 1950 Erroneum
898 1887 989 1932 autem
1000 1887 1058 1947 ,est2
1085 1869 1183 1944 cludit,
1201 1873 1219 1932 l.
1229 1892 1290 1931 cum
1305 1887 1381 1944 parer
1391 1870 1465 1946 filios
1482 1889 1525 1949 77.
1535 1869 1560 1952 6.
1576 1875 1644 1934 Titio
1654 1872 1742 1950 fratri
1760 1869 1805 1933 31.
1807 1871 1847 1950 ff
1858 1873 1890 1932 dc

248 1961 308 2006 tum
344 1963 430 2018 uoque
447 1948 480 2008 de
497 1961 560 2003 casu
578 1943 692 2002 fortuito
713 1953 845 2022 gestorem
871 1946 979 2017 teneri,
995 1962 1057 2004 cum
1085 1941 1163 2016 legat.
1177 1959 1204 2009 a,

248 2021 276 2077 id
294 2033 327 2087 pa
356 2015 500 2087 ospcciali
518 2012 608 2073 adium
633 2013 736 2085 fuerit5
762 2028 929 2091 repugnante
953 2015 1055 2076 scilicet
1121 2027 1146 2085 7.
1166 2013 1213 2073 An
1231 2029 1323 2075 autem
1340 2019 1375 2077 ab
1392 2019 1451 2077 aliis
1468 2019 1587 2080 'absentis
1602 2015 1767 2080 debitoribus
1782 2018 1890 2092 exigere

247 2089 377 2164 gestionis
395 2083 482 2160 huius,
491 2089 566 2158 quasi
581 2085 752 2145 contraditum
760 2086 961 2158 constituentis,
971 2100 1053 2159 uatu7
1084 2087 1166 2168 possit
1185 2088 1256 2155 quod
1273 2087 1314 2144 illi
1333 2090 1444 2162 debent,
1467 2093 1551 2152 dubio
1574 2108 1630 2150 non
1658 2103 1740 2148 caret.
1766 2087 1905 2148 iudiciali*

248 2179 289 2230 ra,
306 2177 359 2231 quo
377 2161 464 2215 minus
482 2163 540 2216 sine
556 2161 723 2228 precedente
738 2160 845 2218 domini
862 2159 993 2216 mandato
1012 2169 1055 2216 ta·
1084 2157 1192 2221 quidun
1208 2157 1426 2229 interpellatione
1443 2177 1575 2234 gestorem
1591 2180 1637 2220 eos
1664 2180 1719 2220 non
1796 2155 1888 2218 eeffi-

249 2231 275 2288 le
293 2225 398 2300 pallum
415 2234 545 2302 gestionis
562 2229 646 2285 initio
663 2234 860 2301 conciperetur.
880 2227 996 2290 Unde&
1007 2233 1054 2286 vix
1083 2229 1184 2285 caciter
1199 2231 1355 2305 convenire,
1372 2236 1463 2292 verius
1478 2246 1536 2303 estt
1554 2249 1617 2293 cum
1635 2250 1720 2303 neque
1746 2230 1888 2289 ebitortu·

247 2299 442 2368 dubitandum,
469 2305 534 2372 quin
561 2298 579 2354 l.
598 2302 729 2374 negotium
743 2315 789 2359 aa.
807 2303 834 2358 C.
853 2299 878 2358 b.
896 2315 917 2354 t.
940 2295 1054 2373 fiagitiva
1084 2305 1113 2354 to
1130 2296 1208 2355 alteri
1223 2299 1313 2360 solvat
1331 2322 1412 2376 quam
1429 2304 1568 2378 creditori,
1586 2322 1636 2362 nec
1653 2301 1783 2361 solvendo
1791 2300 1887 2359 libere-

248 2379 294 2442 sit,
311 2389 356 2442 per
375 2371 506 2428 incuriam
522 2369 730 2441 compilatorum
747 2370 804 2428 illic
821 2372 917 2443 posita,
934 2373 1051 2430 morde
1083 2375 1138 2440 tur,
1155 2373 1177 2425 si
1195 2373 1311 2432 creditor
1329 2373 1492 2432 solutionem
1511 2389 1599 2434 ratam
1625 2391 1682 2431 non
1714 2371 1839 2432 habuerit
1866 2371 1885 2428 Ι.

246 2441 351 2500 buisset
366 2439 401 2499 ad
418 2437 529 2498 titulum
546 2442 669 2500 mandati
685 2459 741 2499 esse
760 2443 913 2509 translataq
928 2441 983 2499 nisi
993 2459 1052 2499 me-
1081 2433 1286 2508 dispensatorem
1294 2443 1339 2503 62.
1348 2451 1378 2504 in
1388 2447 1447 2521 fine
1457 2441 1496 2516 ff.
1503 2443 1534 2504 de
1551 2445 1671 2504 solution.
1691 2439 1790 2516 Neque
1800 2414 1887 2514 ullos,

249 2514 329 2571 limus
361 2510 435 2567 illam
453 2510 540 2586 legem
557 2511 708 2585 intelligere
726 2513 760 2572 de
777 2509 979 2585 pauospecrur
997 2530 1053 2572 non
1082 2522 1162 2586 quam
1180 2514 1311 2572 mandato
1324 2533 1418 2575 carere
1433 2529 1553 2584 constat,
1568 2511 1684 2576 allionis
1710 2511 1830 2585 proelio
1856 2517 1886 2570 in

248 2585 284 2642 ab
303 2585 394 2654 initio,
411 2583 457 2641 sed
474 2595 534 2652 post
551 2586 689 2656 negotium
707 2580 760 2654 jam
785 2597 889 2710 pentum
906 2585 1052 2650 interposi·
1082 2582 1183 2648 iudicio
1200 2583 1337 2644 movenda
1356 2585 1514 2655 facultatem
1531 2585 1640 2656 habear,
1667 2583 1686 2641 l.
1707 2587 1731 2641 si
1753 2583 1844 2654 pupilli
1860 2585 1886 2642 6.
1929 2643 1936 2650 ,

248 2669 295 2714 ro:
314 2654 539 2726 quemadmodum
556 2654 596 2709 ita
632 2651 686 2711 aeti
703 2655 827 2724 speciale
845 2656 948 2714 mentio
964 2667 1004 2711 est
1022 2656 1052 2710 in
1080 2644 1107 2723 6.
1117 2653 1165 2709 ult.
1167 2651 1207 2723 ff
1214 2653 1239 2712 h.
1249 2656 1387 2717 uitiatori
1396 2675 1438 2716 ao.
1445 2661 1474 2714 in
1477 2657 1536 2730 fine
1546 2657 1574 2716 C.
1584 2659 1610 2716 b.
1620 2675 1642 2716 r.
1655 2657 1674 2712 l.
1685 2653 1847 2713 naturalem.
1858 2649 1885 2730 6.

248 2729 366 2800 negotiis
383 2726 465 2798 gestis
483 2726 512 2781 in
530 2725 549 2780 l.
569 2746 596 2779 re
631 2745 669 2781 an
686 2727 755 2782 ultro
776 2726 815 2784 r'o.
833 2741 871 2796 pn.
882 2723 923 2799 ff.
940 2724 969 2786 b.
986 2740 1006 2781 t.
1081 2721 1130 2778 sed
1142 2727 1167 2781 si
1174 2723 1371 2804 [acladffide
1385 2733 1538 2800 prescriptio
1554 2727 1649 2800 verbis,
1668 2727 1720 2786 nisi
1729 2741 1818 2798 gestor
1828 2722 1887 2785 sue-

281 2799 308 2856 6.
327 2796 386 2856 Nec
404 2807 512 2853 tantum
528 2797 668 2854 conveniri
685 2807 771 2866 potest
787 2811 877 2870 gestor
894 2815 942 2866 pro
959 2807 1051 2866 terea,
1081 2800 1117 2852 rit
1134 2793 1280 2864 confunda
1297 2817 1411 2868 persona
1426 2797 1493 2874 ejus,
1510 2797 1584 2872 cujus
1601 2817 1641 2860 res
1658 2809 1747 2869 curat,
1773 2815 1804 2854 ac
1822 2815 1886 2867 pro·

223 2868 303 2940 “que
321 2874 422 2943 gessitr
439 2868 484 2925 sed
501 2868 528 2926 dt
547 2866 580 2926 de
598 2885 654 2924 non
673 2871 763 2938 gestir,
788 2886 835 2925 seu
862 2865 924 2942 negl
968 2867 999 2936 is,
1028 2869 1053 2930 si
1080 2863 1145 2921 inde
1160 2867 1220 2924 sine
1237 2871 1367 2930 niaudato
1391 2872 1492 2944 agendi
1517 2882 1677 2943 potestatem
1707 2865 1817 2938 habeat,
1835 2887 1885 2926 nec

245 2941 327 2998 modo
342 2955 436 3012 gerere
452 2935 586 2994 debuerit.
603 2933 708 2995 Gerere
724 2955 790 2995 vero
806 2936 900 2998 debuit
925 2933 1051 3006 &perli-
1080 2934 1224 2994 admodum
1241 2956 1385 2999 onerosum
1402 2943 1430 3000 ei
1448 2939 1531 3006 fierit
1549 2943 1583 3004 de
1607 2952 1670 3000 rato
1694 2957 1806 3012 cavere,
1834 2955 1887 3008 quo

245 3029 305 3068 cere
320 3026 362 3080 ea,
379 3025 436 3080 que
453 3004 609 3064 inchoavit:
628 3025 700 3064 nova
718 3005 1051 3076 inchoarenontenetur3
1080 3022 1144 3064 casu
1162 3025 1217 3064 non
1235 3021 1342 3069 tanttun
1359 3026 1458 3086 potest,
1473 3013 1519 3072 sed
1536 3015 1565 3074 dc
1581 3011 1661 3072 debet
1670 3010 1786 3084 exigere,
1811 3010 1886 3065 sisic

245 3075 463 3152 numeratione
482 3074 522 3133 lm
559 3082 612 3134 ‚in
630 3077 649 3134 Ι.
666 3080 747 3136 rotoni
763 3093 805 3136 ao.
825 3080 853 3136 C.
872 3078 898 3138 b.
915 3095 937 3136 t.
954 3080 985 3138 dr
1002 3078 1050 3136 iic-
1080 3074 1115 3134 ab
1131 3079 1214 3138 initio
1230 3083 1367 3140 ncessetir
1384 3097 1486 3159 gestor,
1502 3095 1532 3141 ut
1549 3085 1643 3142 omnia
1652 3094 1763 3163 gereret
1789 3077 1886 3140 absen-

244 3153 307 3210 denr
324 3165 405 3220 prope
422 3145 512 3205 verbis
523 3095 695 3219 ilaptntanus
711 3153 740 3209 in
758 3149 777 3205 l.
794 3153 888 3207 tutoris
905 3145 951 3226 63.
968 3141 995 3221 6.
1005 3152 1051 3220 qui
1080 3148 1115 3204 r'u
1183 3151 1251 3222 otia,
1280 3156 1320 3210 ,η’
1337 3171 1429 3213 aurem
1446 3161 1469 3212 ir
1485 3147 1556 3232 liffi
1573 3153 1630 3212 ht.
1649 3151 1732 3223 tundi.
1752 3151 1769 3208 l.
1789 3149 1838 3208 scd
1851 3149 1886 3213 <tl

245 3244 273 3278 se
299 3222 404 3293 negotiis
422 3233 447 3274 a.
464 3215 499 3292 ff.
516 3217 550 3273 de
573 3218 726 3276 administr.
745 3218 778 3282 Θ
793 3223 870 3291 peric.
888 3235 968 3277 toron.
987 3217 1050 3276 huic
1080 3215 1118 3272 ba
1131 3165 1217 3291 fficio
1230 3239 1391 3292 procurator.
1409 3223 1463 3285 Sed
1480 3224 1536 3284 hec
1560 3239 1616 3281 non
1643 3223 1802 3292 impediunt,
1830 3239 1884 3290 quo

1268 3153 1281 3208 l

223 3297 226 3300 ’
240 3296 347 3364 propria
363 3289 484 3348 voluntat
495 3287 583 3361 finem
600 3289 839 3349 administrationis
848 3289 923 3365 facit
932 3311 945 3358 ;
961 3287 994 3352 Θ
1004 3310 1049 3344 sa·
1079 3289 1171 3348 minus
1186 3293 1301 3362 quilibet
1319 3298 1402 3352 etiam
1425 3310 1570 3354 extraneus
1596 3295 1766 3365 negotiorum
1792 3304 1883 3363 gestor

244 3369 280 3421 tir
299 3360 450 3421 aliundene
467 3357 570 3432 offrir,
589 3364 613 3418 si
629 3365 673 3417 cui
689 3361 882 3430 oelinpuncir
900 3361 1043 3418 amicila-
1079 3358 1212 3422 debitores
1238 3364 1357 3423 absentis
1383 3361 1578 3436 extrajudiciali
1604 3361 1817 3420 denunciatione
1847 3362 1882 3418 ad

243 3382 481 3502 iureconsultum,
507 3432 576 3490 adde
592 3434 610 3496 Ι.
629 3431 677 3486 red
691 3431 724 3494 (¹5
741 3453 802 3492 cum
824 3431 865 3491 16.
883 3432 902 3487 l.
919 3450 986 3488 nam
1012 3430 1045 3494 (p
1078 3431 1238 3494 solvendum
1254 3434 1417 3506 interpellet,
1435 3437 1469 3492 ad
1486 3449 1546 3492 eum
1568 3429 1666 3490 'saltem
1689 3429 1822 3502 offellum,
1852 3441 1884 3488 ut

243 3508 350 3564 Senoirn·
370 3519 412 3560 ar.
430 3495 455 3576 6
474 3505 499 3559 ri
515 3507 574 3559 vivo
590 3517 616 3560 a.
629 3500 668 3580 ff?
686 3504 712 3561 b.
730 3518 750 3560 r.
779 3499 841 3561 Nisi
869 3501 938 3561 alius
954 3521 987 3561 ea
1005 3503 1049 3560 iu·
1077 3504 1206 3562 creditori
1225 3505 1368 3562 videantur
1385 3503 1521 3564 debitores
1537 3520 1572 3563 ex
1597 3523 1630 3564 eo
1655 3501 1884 3572 interpellationis

240 3577 387 3636 choaturus
405 3571 507 3646 suisset,
523 3574 570 3646 qui
589 3593 671 3645 nunc,
687 3575 759 3644 quod
775 3571 859 3632 alium
876 3574 1048 3648 gererevide-
1077 3586 1195 3644 tempore
1212 3592 1315 3632 momm
1332 3575 1432 3647 secisse,
1456 3573 1767 3722 utbeautque‘vulfatas
1792 3591 1883 3630 mora-

240 3661 293 3721 ret,
310 3646 435 3713 destitit3
452 3643 497 3700 vel
524 3644 578 3700 nisi
593 3653 713 3716 ‘sequens
732 3646 873 3730 negotium
898 3643 1049 3720 negledium
1076 3657 1168 3704 torum
1193 3664 1294 3720 prenae,
1318 3649 1337 3706 l.
1357 3652 1380 3706 ri
1396 3649 1454 3720 qais
1480 3647 1600 3706 solmon
1616 3645 1661 3716 ud.
1695 3685 1702 3699 .
1722 3645 1770 3704 ult.
1791 3641 1831 3720 ffi
1850 3643 1882 3701 de

259 3719 325 3777 riuti
344 3713 464 3789 perfodio
482 3713 564 3771 fuerit
579 3731 796 3787 connexum,.src
813 3730 843 3777 ut
861 3714 928 3774 alius
947 3718 1041 3775 virdi·
1077 3718 1174 3786 usuris,
1193 3719 1210 3774 l.
1229 3721 1254 3775 si
1267 3721 1357 3790 pupilli
1373 3717 1400 3776 6.
1418 3735 1445 3778 a.
1473 3720 1550 3778 item'
1563 3723 1686 3791 queritur
1711 3729 1738 3790 9.
1750 3711 1789 3791 ff.
1816 3713 1841 3774 b.
1860 3735 1880 3773 t.

240 3741 327 3864 ligeris
344 3788 410 3845 illud
428 3801 532 3864 quoque
555 3781 648 3843 suisset
674 3799 798 3860 gesturus
836 3789 856 3844 l.
874 3791 898 3842 ri
913 3788 1003 3858 pupilli
1018 3785 1046 3846 6.
1077 3783 1137 3845 Nec
1155 3787 1208 3846 hoc
1225 3807 1287 3848 casn
1304 3811 1351 3861 per
1369 3789 1484 3850 liberam
1501 3807 1681 3862 persouamac
1701 3791 1754 3847 uiri
1765 3787 1881 3860 videtur,

238 3855 265 3936 6.
284 3862 332 3917 ult.
345 3857 384 3935 ff.
403 3858 427 3916 b.
446 3873 467 3912 r.
484 3856 529 3913 vel
545 3857 660 3930 denique
677 3868 766 3939 gestor
782 3826 818 3912 ab
836 3859 917 3922 initio
942 3864 979 3915 sic
999 3877 1045 3914 ac-
1076 3857 1122 3915 sed
1140 3855 1260 3920 officium
1277 3861 1403 3935 impleri,
1418 3863 1500 3922 sicuti
1516 3877 1578 3919 cum
1594 3862 1654 3934 quis
1682 3806 1786 3918 lurtum
1811 3858 1881 3915 mihi

238 3935 359 4000 cesserit,
376 3941 407 3985 ut
424 3925 767 4010 onnia-genterabsenus
784 3925 1045 4012 negotiaqlaedn&
1075 3925 1219 3986 facientem
1238 3933 1425 4004 deprehendit,
1442 3934 1582 4020 negotium
1598 3949 1690 3991 meum
1716 3949 1799 4006 egens
1822 3943 1880 3986 ma·

239 3994 466 4075 crv1n16.sf.b.r.
487 3997 603 4057 Proinde
620 4000 643 4054 si
662 3995 743 4058 fuerit
760 3999 953 4072 crediturque,
970 4015 1044 4068 cunis
1073 3996 1166 4056 nisesti
1183 3997 1251 4060 furti
1268 3999 1403 4062 aldionem
1420 4003 1490 4060 mihi
1506 4016 1603 4075 parat3
1622 4006 1688 4066 item
1704 4021 1767 4062 cnm
1784 4019 1879 4072 procu-

237 4073 308 4152 gerit
326 4070 447 4144 negotia,
464 4085 497 4125 ac
548 4081 635 4142 ratam
655 4068 1043 4154 habutabsentispecuntaug
1072 4083 1148 4127 rator
1157 4070 1369 4142 interpellaverit
1382 4077 1571 4146 promissorem
1580 4073 1709 4148 hominis,
1725 4083 1880 4146 perpetuam

241 4087 1042 4221 nonaliistantumaffientiscreditoribunseditsibiipsr,
1072 4137 1138 4198 facit
1154 4143 1191 4198 sti
1228 4143 1373 4215 lationemr
1392 4157 1423 4204 ut
1440 4145 1578 4222 eleganter
1602 4149 1782 4206 ratiocinatur
1808 4142 1879 4202 Pau-

225 4213 342 4271 solvere
351 4209 544 4283 Jubetur3rum
553 4223 582 4272 ut
592 4214 677 4270 evitet
694 4227 867 4272 nummorum
884 4209 1048 4283 periculum3
1072 4209 1160 4272 luein
1199 4215 1242 4270 .l.
1260 4213 1305 4284 ad.
1323 4219 1358 4272 in
1390 4235 1421 4274 ne
1431 4213 1470 4290 ff.
1490 4217 1522 4274 de
1539 4222 1637 4278 uronis.
1666 4217 1720 4278 Sed
1747 4233 1809 4275 cum
1828 4218 1877 4276 vix

198 4301 201 4308 '
227 4301 295 4344 tum
313 4299 343 4343 ut
361 4286 540 4350 interrumpat
557 4281 715 4341 ulteriorem
732 4299 874 4340 usurarum
883 4298 1000 4353 cursum,
1018 4282 1038 4340 Ι.
1069 4279 1125 4342 ulla
1143 4282 1225 4342 hodie
1241 4289 1313 4344 inter
1331 4285 1468 4348 elationis
1483 4287 1695 4359 extrahrdrcialis
1711 4287 1879 4357 utilitaspe·

236 4353 337 4414 debitor
356 4375 430 4410 meur
443 4349 482 4409 15.
492 4349 525 4422 ff
526 4351 550 4408 b.
561 4369 581 4409 ι.
587 4349 671 4424 juno.
682 4355 700 4409 l.
710 4353 819 4410 divortio
828 4349 873 4410 55.
882 4345 909 4427 6.
918 4353 996 4408 illum
1013 4369 1039 4412 a.
1069 4355 1198 4434 cuniatia,
1212 4358 1247 4413 sit
1275 4305 1582 4421 orlariostiedmuns
1594 4360 1799 4420 inonstrandum
1807 4364 1878 4437 erit5

228 4426 268 4498 ff.
275 4427 300 4484 b.
313 4447 331 4482 r.
353 4425 477 4494 Idemque
484 4423 784 4496 esqsrndhibitortam
794 4421 894 4482 habeat
904 4420 1040 4494 aldionem
1069 4443 1117 4482 uec
1134 4399 1282 4494 contundite
1301 4447 1416 4502 persone
1434 4437 1492 4490 sine
1509 4435 1641 4491 mandato
1658 4449 1732 4490 nunc
1749 4431 1876 4502 adagen·

224 4497 279 4556 'vel
296 4517 329 4556 ea
347 4495 454 4555 adlioue
470 4507 607 4569 teneatur,
623 4497 651 4556 δι
670 4491 713 4552 vel
735 4513 777 4552 res
802 4491 969 4554 redhibenda
995 4493 1038 4564 vel
1067 4495 1133 4554 dum
1150 4516 1199 4568 pro
1218 4501 1278 4557 aliis
1294 4501 1488 4576 admittantur,
1502 4518 1533 4562 ut
1549 4506 1685 4564 monitum
1699 4503 1744 4558 tir.
1761 4497 1793 4558 de
1811 4515 1877 4627 prov

252 4569 348 4629 ecunia
366 4567 531 4626 restituenda
548 4567 702 4626 inveniatur
721 4565 750 4622 in
768 4564 847 4626 rebus
855 4563 1037 4624 absentisdl.
1066 4569 1253 4638 curatoriam
1270 4573 1403 4630 minorem
1422 4572 1477 4633 hac
1495 4577 1604 4648 questio
1628 4575 1727 4630 nostris
1753 4573 1783 4628 in
1822 4573 1877 4630 oris
1969 4633 1977 4640 ,

232 4640 277 4698 ³6.
288 4635 313 4716 6.
325 4638 425 4696 sedncc
436 4635 536 4708 afflb.
549 4653 570 4693 t.
589 4635 627 4696 h't
645 4637 668 4696 si
686 4637 804 4720 pecunie
821 4633 901 4694 suerit
919 4635 1038 4710 debitor,
1066 4657 1142 4700 tuum
1160 4642 1279 4704 invenit.
1299 4643 1378 4703 Adde
1396 4642 1609 4719 Groenevegen
1628 4641 1701 4702 adl.
1720 4637 1789 4718 liffl
1800 4641 1825 4700 b.
1836 4633 1873 4700 r.'

233 4732 249 4768 a
268 4731 295 4770 se
312 4729 417 4786 quoque
434 4711 526 4778 erigat
543 4726 649 4766 uerene
665 4717 716 4777 est,
734 4726 773 4764 sue
790 4719 821 4764 ut
838 4726 855 4764 a
872 4727 902 4765 se
912 4714 1036 4778 noueri-
1100 4709 1126 4768 li.
1145 4711 1292 4773 Contraria
1318 4717 1489 4790 negotiorum
1501 4710 1652 4792 ,gestorum
1678 4712 1750 4774 adio
1775 4714 1875 4788 gesturi

227 4801 299 4856 gens
316 4783 373 4839 noh
390 4791 499 4838 tontum
517 4775 630 4850 efficiat,
655 4792 688 4836 ut
713 4776 836 4836 debitum
862 4796 918 4837 non
942 4798 1036 4838 usura-
1065 4785 1214 4855 competit,·
1237 4781 1346 4856 eiusque
1374 4785 1534 4861 heredibus,
1569 4787 1697 4849 adversus
1722 4786 1873 4856 dominum,

228 4857 311 4924 riutu,
327 4854 381 4911 nisi
398 4850 565 4910 uoruinutim
580 4853 608 4912 ei
625 4867 710 4924 usura
727 4855 840 4928 remisse
856 4849 999 4934 esseutqu.
1015 4849 1034 4926 l.
1064 4849 1137 4926 ctrjue
1154 4848 1273 4916 absentis
1290 4873 1337 4926 qut
1354 4857 1507 4934 ignopantis
1524 4864 1632 4934 negotia
1648 4872 1723 4936 gesta
1739 4858 1824 4940 suntq'
1839 4857 1873 4928 li
