<?xml version="1.0" encoding="UTF-8"?>
<!DOCTYPE html PUBLIC "-//W3C//DTD XHTML 1.0 Transitional//EN"
    "http://www.w3.org/TR/xhtml1/DTD/xhtml1-transitional.dtd">
<html xmlns="http://www.w3.org/1999/xhtml" xml:lang="en" lang="en">
 <head>
  <title>
</title>
<meta http-equiv="Content-Type" content="text/html;charset=utf-8" />
  <meta name='ocr-system' content='tesseract 3.04.00' />
  <meta name='ocr-capabilities' content='ocr_page ocr_carea ocr_par ocr_line ocrx_word'/>
</head>
<body>
  <div class='ocr_page' id='page_1' title='image "./joannisvoetcomm00voetgoog/joannisvoetcomm00voetgoog_0386.png"; bbox 0 0 4022 5352; ppageno 0'>
   <div class='ocr_carea' id='block_1_1' title="bbox 276 200 1199 290">
    <p class='ocr_par' dir='ltr' id='par_1_1' title="bbox 276 200 1199 290">
     <span class='ocr_line' id='line_1_1' title="bbox 276 200 1199 290; baseline -0.004 -12"><span class='ocrx_word' id='word_1_1' title='bbox 276 200 346 290; x_wconf 67' lang='lat' dir='ltr'><em>sti</em></span> <span class='ocrx_word' id='word_1_2' title='bbox 878 209 948 274; x_wconf 74' lang='lat' dir='ltr'><em>tte.</em></span> <span class='ocrx_word' id='word_1_3' title='bbox 974 207 1027 275; x_wconf 84' lang='lat' dir='ltr'><em>tt.</em></span> <span class='ocrx_word' id='word_1_4' title='bbox 1053 215 1115 279; x_wconf 81' lang='lat' dir='ltr'><em>tts.</em></span> <span class='ocrx_word' id='word_1_5' title='bbox 1141 211 1199 276; x_wconf 86' lang='lat' dir='ltr'><em>stt.</em></span> 
     </span>
    </p>
   </div>
   <div class='ocr_carea' id='block_1_2' title="bbox 233 297 1876 592">
    <p class='ocr_par' dir='ltr' id='par_1_2' title="bbox 233 297 1876 592">
     <span class='ocr_line' id='line_1_2' title="bbox 297 297 1876 380; baseline 0.006 -23"><span class='ocrx_word' id='word_1_6' title='bbox 297 297 456 360; x_wconf 85' lang='lat' dir='ltr'><em>minuendus</em></span> <span class='ocrx_word' id='word_1_7' title='bbox 473 297 504 358; x_wconf 87' lang='lat' dir='ltr'><em>oh</em></span> <span class='ocrx_word' id='word_1_8' title='bbox 518 299 603 374; x_wconf 85' lang='lat' dir='ltr'><em>partis</em></span> <span class='ocrx_word' id='word_1_9' title='bbox 621 298 780 369; x_wconf 78' lang='lat' dir='ltr'><em>interitum,</em></span> <span class='ocrx_word' id='word_1_10' title='bbox 806 301 860 358; x_wconf 90' lang='lat' dir='ltr'><em>nisi</em></span> <span class='ocrx_word' id='word_1_11' title='bbox 872 315 918 372; x_wconf 86' lang='lat' dir='ltr'><em>per</em></span> <span class='ocrx_word' id='word_1_12' title='bbox 934 303 1039 377; x_wconf 85' lang='lat' dir='ltr'><em>singula</em></span> <span class='ocrx_word' id='word_1_13' title='bbox 1137 304 1225 361; x_wconf 87' lang='lat' dir='ltr'><em>elium</em></span> <span class='ocrx_word' id='word_1_14' title='bbox 1241 305 1286 362; x_wconf 85' lang='lat' dir='ltr'><em>sui</em></span> <span class='ocrx_word' id='word_1_15' title='bbox 1294 301 1347 380; x_wconf 77' lang='lat' dir='ltr'><em>loco</em></span> <span class='ocrx_word' id='word_1_16' title='bbox 1355 301 1480 362; x_wconf 85' lang='lat' dir='ltr'><em>substitui</em></span> <span class='ocrx_word' id='word_1_17' title='bbox 1488 298 1659 376; x_wconf 55' lang='lat' dir='ltr'><em>sectamina</em></span> <span class='ocrx_word' id='word_1_18' title='bbox 1676 317 1740 364; x_wconf 87' lang='lat' dir='ltr'><em>tunc</em></span> <span class='ocrx_word' id='word_1_19' title='bbox 1756 303 1876 366; x_wconf 69' lang='lat' dir='ltr'><em>obieritis</em></span> 
     </span>
     <span class='ocr_line' id='line_1_3' title="bbox 295 369 1870 446; baseline 0.005 -18"><span class='ocrx_word' id='word_1_20' title='bbox 295 373 395 446; x_wconf 80' lang='lat' dir='ltr'><em>jugera</em></span> <span class='ocrx_word' id='word_1_21' title='bbox 413 389 498 429; x_wconf 86' lang='lat' dir='ltr'><em>canen</em></span> <span class='ocrx_word' id='word_1_22' title='bbox 514 376 670 432; x_wconf 87' lang='lat' dir='ltr'><em>constitutus</em></span> <span class='ocrx_word' id='word_1_23' title='bbox 688 375 745 437; x_wconf 74' lang='lat' dir='ltr'><em>sits</em></span> <span class='ocrx_word' id='word_1_24' title='bbox 771 371 816 430; x_wconf 83' lang='lat' dir='ltr'><em>vel</em></span> <span class='ocrx_word' id='word_1_25' title='bbox 835 373 865 426; x_wconf 91' lang='lat' dir='ltr'><em>in</em></span> <span class='ocrx_word' id='word_1_26' title='bbox 891 369 1038 444; x_wconf 74' lang='lat' dir='ltr'><em>dfiniensla</em></span> <span class='ocrx_word' id='word_1_27' title='bbox 1136 375 1279 432; x_wconf 77' lang='lat' dir='ltr'><em>instruhlus</em></span> <span class='ocrx_word' id='word_1_28' title='bbox 1290 373 1378 446; x_wconf 78' lang='lat' dir='ltr'><em>fuerit</em></span> <span class='ocrx_word' id='word_1_29' title='bbox 1396 373 1526 430; x_wconf 87' lang='lat' dir='ltr'><em>mandato</em></span> <span class='ocrx_word' id='word_1_30' title='bbox 1543 375 1649 432; x_wconf 89' lang='lat' dir='ltr'><em>emendi</em></span> <span class='ocrx_word' id='word_1_31' title='bbox 1663 392 1709 446; x_wconf 91' lang='lat' dir='ltr'><em>pre</em></span> <span class='ocrx_word' id='word_1_32' title='bbox 1725 376 1771 433; x_wconf 86' lang='lat' dir='ltr'><em>ille</em></span> <span class='ocrx_word' id='word_1_33' title='bbox 1783 382 1870 436; x_wconf 87' lang='lat' dir='ltr'><em>tertio.</em></span> 
     </span>
     <span class='ocr_line' id='line_1_4' title="bbox 301 438 1875 516; baseline 0.004 -20"><span class='ocrx_word' id='word_1_34' title='bbox 301 444 409 500; x_wconf 85' lang='lat' dir='ltr'><em>senonis</em></span> <span class='ocrx_word' id='word_1_35' title='bbox 442 445 577 500; x_wconf 84' lang='lat' dir='ltr'><em>uantitete</em></span> <span class='ocrx_word' id='word_1_36' title='bbox 587 440 732 516; x_wconf 81' lang='lat' dir='ltr'><em>frahiuum</em></span> <span class='ocrx_word' id='word_1_37' title='bbox 749 445 820 499; x_wconf 83' lang='lat' dir='ltr'><em>ratio</em></span> <span class='ocrx_word' id='word_1_38' title='bbox 836 438 931 500; x_wconf 86' lang='lat' dir='ltr'><em>habite</em></span> <span class='ocrx_word' id='word_1_39' title='bbox 949 447 1001 500; x_wconf 88' lang='lat' dir='ltr'><em>sit.</em></span> <span class='ocrx_word' id='word_1_40' title='bbox 1066 441 1108 502; x_wconf 83' lang='lat'><em>35.</em></span> <span class='ocrx_word' id='word_1_41' title='bbox 1127 444 1181 502; x_wconf 90' lang='lat' dir='ltr'><em>Nec</em></span> <span class='ocrx_word' id='word_1_42' title='bbox 1198 444 1399 504; x_wconf 86' lang='lat' dir='ltr'><em>denunciatione</em></span> <span class='ocrx_word' id='word_1_43' title='bbox 1414 458 1473 512; x_wconf 89' lang='lat' dir='ltr'><em>opus</em></span> <span class='ocrx_word' id='word_1_44' title='bbox 1488 459 1539 515; x_wconf 79' lang='lat' dir='ltr'><em>est,</em></span> <span class='ocrx_word' id='word_1_45' title='bbox 1555 465 1602 501; x_wconf 87' lang='lat' dir='ltr'><em>nee</em></span> <span class='ocrx_word' id='word_1_46' title='bbox 1620 445 1756 503; x_wconf 87' lang='lat' dir='ltr'><em>laudemio</em></span> <span class='ocrx_word' id='word_1_47' title='bbox 1773 449 1875 506; x_wconf 83' lang='lat' dir='ltr'><em>soloen·</em></span> 
     </span>
     <span class='ocr_line' id='line_1_5' title="bbox 233 461 1874 592; baseline 0.002 -20"><span class='ocrx_word' id='word_1_48' title='bbox 233 528 275 584; x_wconf 83' lang='grc'><em>17.</em></span> <span class='ocrx_word' id='word_1_49' title='bbox 293 511 342 570; x_wconf 81' lang='lat' dir='ltr'><em>An</em></span> <span class='ocrx_word' id='word_1_50' title='bbox 359 461 528 584; x_wconf 72' lang='lat' dir='ltr'><em>emphyteuta</em></span> <span class='ocrx_word' id='word_1_51' title='bbox 544 518 621 583; x_wconf 83' lang='lat' dir='ltr'><em>pessis</em></span> <span class='ocrx_word' id='word_1_52' title='bbox 644 511 820 584; x_wconf 71' lang='lat' dir='ltr'><em>emphyteusin</em></span> <span class='ocrx_word' id='word_1_53' title='bbox 846 512 1037 592; x_wconf 78' lang='lat' dir='ltr'><em>derelinquere,</em></span> <span class='ocrx_word' id='word_1_54' title='bbox 1138 513 1190 584; x_wconf 90' lang='lat' dir='ltr'><em>da,</em></span> <span class='ocrx_word' id='word_1_55' title='bbox 1208 519 1231 572; x_wconf 91' lang='lat' dir='ltr'><em>si</em></span> <span class='ocrx_word' id='word_1_56' title='bbox 1247 515 1341 572; x_wconf 82' lang='lat' dir='ltr'><em>divisio</em></span> <span class='ocrx_word' id='word_1_57' title='bbox 1357 513 1401 572; x_wconf 84' lang='lat' dir='ltr'><em>oel</em></span> <span class='ocrx_word' id='word_1_58' title='bbox 1417 512 1585 586; x_wconf 72' lang='lat' dir='ltr'><em>adjudicatio</em></span> <span class='ocrx_word' id='word_1_59' title='bbox 1593 512 1648 588; x_wconf 76' lang='lat' dir='ltr'><em>fiat</em></span> <span class='ocrx_word' id='word_1_60' title='bbox 1655 532 1699 586; x_wconf 90' lang='lat' dir='ltr'><em>prr</em></span> <span class='ocrx_word' id='word_1_61' title='bbox 1710 515 1819 590; x_wconf 83' lang='lat' dir='ltr'><em>judicia</em></span> <span class='ocrx_word' id='word_1_62' title='bbox 1829 518 1874 576; x_wconf 86' lang='lat' dir='ltr'><em>dt-</em></span> 
     </span>
    </p>
   </div>
   <div class='ocr_carea' id='block_1_3' title="bbox 237 577 1875 1073">
    <p class='ocr_par' dir='ltr' id='par_1_3' title="bbox 301 577 1874 799">
     <span class='ocr_line' id='line_1_6' title="bbox 302 577 1874 662; baseline 0.003 -25"><span class='ocrx_word' id='word_1_63' title='bbox 302 584 327 640; x_wconf 90' lang='lat' dir='ltr'><em>si</em></span> <span class='ocrx_word' id='word_1_64' title='bbox 335 577 444 657; x_wconf 66' lang='lat' dir='ltr'><em>ftuhlus</em></span> <span class='ocrx_word' id='word_1_65' title='bbox 456 581 558 658; x_wconf 87' lang='lat' dir='ltr'><em>fundi,</em></span> <span class='ocrx_word' id='word_1_66' title='bbox 575 588 620 658; x_wconf 83' lang='lat' dir='ltr'><em>qui</em></span> <span class='ocrx_word' id='word_1_67' title='bbox 634 597 769 655; x_wconf 77' lang='lat' dir='ltr'><em>propterte</em></span> <span class='ocrx_word' id='word_1_68' title='bbox 782 585 876 654; x_wconf 90' lang='lat' dir='ltr'><em>periit,</em></span> <span class='ocrx_word' id='word_1_69' title='bbox 892 602 944 639; x_wconf 91' lang='lat' dir='ltr'><em>non</em></span> <span class='ocrx_word' id='word_1_70' title='bbox 962 583 1037 656; x_wconf 78' lang='lat' dir='ltr'><em>tuffi—</em></span> <span class='ocrx_word' id='word_1_71' title='bbox 1134 588 1255 642; x_wconf 83' lang='lat' dir='ltr'><em>visoria:</em></span> <span class='ocrx_word' id='word_1_72' title='bbox 1273 605 1364 654; x_wconf 87' lang='lat' dir='ltr'><em>secus,</em></span> <span class='ocrx_word' id='word_1_73' title='bbox 1381 587 1404 640; x_wconf 92' lang='lat' dir='ltr'><em>si</em></span> <span class='ocrx_word' id='word_1_74' title='bbox 1418 597 1473 652; x_wconf 89' lang='lat' dir='ltr'><em>post</em></span> <span class='ocrx_word' id='word_1_75' title='bbox 1488 583 1645 642; x_wconf 78' lang='lat' dir='ltr'><em>decisionem</em></span> <span class='ocrx_word' id='word_1_76' title='bbox 1662 603 1712 644; x_wconf 86' lang='lat' dir='ltr'><em>aut</em></span> <span class='ocrx_word' id='word_1_77' title='bbox 1728 586 1874 662; x_wconf 80' lang='lat' dir='ltr'><em>adjudica-</em></span> 
     </span>
     <span class='ocr_line' id='line_1_7' title="bbox 301 651 1874 728; baseline 0.001 -16"><span class='ocrx_word' id='word_1_78' title='bbox 301 655 376 723; x_wconf 76' lang='lat' dir='ltr'><em>tione</em></span> <span class='ocrx_word' id='word_1_79' title='bbox 393 651 433 714; x_wconf 91' lang='lat' dir='ltr'><em>od</em></span> <span class='ocrx_word' id='word_1_80' title='bbox 446 673 591 728; x_wconf 82' lang='lat' dir='ltr'><em>canoram,</em></span> <span class='ocrx_word' id='word_1_81' title='bbox 617 676 665 712; x_wconf 87' lang='lat' dir='ltr'><em>nes</em></span> <span class='ocrx_word' id='word_1_82' title='bbox 692 653 812 712; x_wconf 82' lang='lat' dir='ltr'><em>dominus</em></span> <span class='ocrx_word' id='word_1_83' title='bbox 830 673 892 712; x_wconf 90' lang='lat' dir='ltr'><em>eum</em></span> <span class='ocrx_word' id='word_1_84' title='bbox 918 653 980 712; x_wconf 85' lang='lat' dir='ltr'><em>velis</em></span> <span class='ocrx_word' id='word_1_85' title='bbox 993 671 1038 724; x_wconf 90' lang='lat' dir='ltr'><em>pro</em></span> <span class='ocrx_word' id='word_1_86' title='bbox 1135 659 1234 712; x_wconf 85' lang='lat' dir='ltr'><em>sionem</em></span> <span class='ocrx_word' id='word_1_87' title='bbox 1252 657 1321 714; x_wconf 79' lang='lat' dir='ltr'><em>aher</em></span> <span class='ocrx_word' id='word_1_88' title='bbox 1339 656 1418 710; x_wconf 86' lang='lat' dir='ltr'><em>alteri</em></span> <span class='ocrx_word' id='word_1_89' title='bbox 1433 670 1537 725; x_wconf 82' lang='lat' dir='ltr'><em>partem</em></span> <span class='ocrx_word' id='word_1_90' title='bbox 1554 675 1634 711; x_wconf 81' lang='lat' dir='ltr'><em>ruem</em></span> <span class='ocrx_word' id='word_1_91' title='bbox 1650 673 1700 714; x_wconf 87' lang='lat' dir='ltr'><em>aut</em></span> <span class='ocrx_word' id='word_1_92' title='bbox 1714 671 1799 713; x_wconf 82' lang='lat' dir='ltr'><em>totam</em></span> <span class='ocrx_word' id='word_1_93' title='bbox 1815 679 1874 715; x_wconf 86' lang='lat' dir='ltr'><em>em-</em></span> 
     </span>
     <span class='ocr_line' id='line_1_8' title="bbox 320 723 1612 799; baseline 0.003 -22"><span class='ocrx_word' id='word_1_94' title='bbox 320 740 378 779; x_wconf 90' lang='lat' dir='ltr'><em>arte</em></span> <span class='ocrx_word' id='word_1_95' title='bbox 394 725 550 781; x_wconf 67' lang='lat' dir='ltr'><em>remittere!</em></span> <span class='ocrx_word' id='word_1_96' title='bbox 1135 726 1273 796; x_wconf 85' lang='lat' dir='ltr'><em>phyteusin</em></span> <span class='ocrx_word' id='word_1_97' title='bbox 1290 723 1481 799; x_wconf 75' lang='lat' dir='ltr'><em>adjudicatam</em></span> <span class='ocrx_word' id='word_1_98' title='bbox 1498 723 1612 782; x_wconf 84' lang='lat' dir='ltr'><em>vendat.</em></span> 
     </span>
    </p>

    <p class='ocr_par' dir='ltr' id='par_1_4' title="bbox 237 787 1875 1073">
     <span class='ocr_line' id='line_1_9' title="bbox 237 787 1875 869; baseline 0.002 -20"><span class='ocrx_word' id='word_1_99' title='bbox 237 787 276 856; x_wconf 67' lang='lat' dir='ltr'><em>sn</em></span> <span class='ocrx_word' id='word_1_100' title='bbox 323 794 479 864; x_wconf 82' lang='lat' dir='ltr'><em>erelinquere</em></span> <span class='ocrx_word' id='word_1_101' title='bbox 495 799 602 869; x_wconf 85' lang='lat' dir='ltr'><em>nequit,</em></span> <span class='ocrx_word' id='word_1_102' title='bbox 630 797 654 852; x_wconf 93' lang='lat' dir='ltr'><em>si</em></span> <span class='ocrx_word' id='word_1_103' title='bbox 679 815 698 848; x_wconf 89' lang='lat' dir='ltr'><em>a</em></span> <span class='ocrx_word' id='word_1_104' title='bbox 706 791 774 864; x_wconf 83' lang='lat' dir='ltr'><em>fisso</em></span> <span class='ocrx_word' id='word_1_105' title='bbox 806 796 834 850; x_wconf 93' lang='lat' dir='ltr'><em>in</em></span> <span class='ocrx_word' id='word_1_106' title='bbox 860 793 1038 865; x_wconf 68' lang='lat' dir='ltr'><em>emphyteusin</em></span> <span class='ocrx_word' id='word_1_107' title='bbox 1067 795 1111 856; x_wconf 80' lang='grc'><em>56.</em></span> <span class='ocrx_word' id='word_1_108' title='bbox 1130 798 1199 852; x_wconf 80' lang='lat' dir='ltr'><em>Ferit</em></span> <span class='ocrx_word' id='word_1_109' title='bbox 1218 794 1391 866; x_wconf 86' lang='lat' dir='ltr'><em>emphyteusis</em></span> <span class='ocrx_word' id='word_1_110' title='bbox 1409 815 1460 852; x_wconf 93' lang='lat' dir='ltr'><em>non</em></span> <span class='ocrx_word' id='word_1_111' title='bbox 1478 795 1559 852; x_wconf 90' lang='lat' dir='ltr'><em>soluto</em></span> <span class='ocrx_word' id='word_1_112' title='bbox 1576 813 1675 852; x_wconf 84' lang='lat' dir='ltr'><em>cattam</em></span> <span class='ocrx_word' id='word_1_113' title='bbox 1706 799 1779 853; x_wconf 87' lang='lat' dir='ltr'><em>intra</em></span> <span class='ocrx_word' id='word_1_114' title='bbox 1804 813 1875 853; x_wconf 90' lang='lat' dir='ltr'><em>tem·</em></span> 
     </span>
     <span class='ocr_line' id='line_1_10' title="bbox 303 861 1873 1073; baseline 0.003 -155"><span class='ocrx_word' id='word_1_115' title='bbox 303 867 438 1073; x_wconf 46' lang='lat' dir='ltr'><em>attagen,</em></span> <span class='ocrx_word' id='word_1_116' title='bbox 455 866 499 922; x_wconf 84' lang='lat' dir='ltr'><em>vel</em></span> <span class='ocrx_word' id='word_1_117' title='bbox 513 867 746 937; x_wconf 84' lang='lat' dir='ltr'><em>emphyteuticaria</em></span> <span class='ocrx_word' id='word_1_118' title='bbox 763 861 1038 948; x_wconf 66' lang='lat' dir='ltr'><em>resperman&#39;n&#39;ostam</em></span> <span class='ocrx_word' id='word_1_119' title='bbox 1133 883 1197 937; x_wconf 90' lang='lat' dir='ltr'><em>pora</em></span> <span class='ocrx_word' id='word_1_120' title='bbox 1215 865 1354 939; x_wconf 85' lang='lat' dir='ltr'><em>legitima.</em></span> <span class='ocrx_word' id='word_1_121' title='bbox 1374 867 1422 920; x_wconf 87' lang='lat' dir='ltr'><em>An</em></span> <span class='ocrx_word' id='word_1_122' title='bbox 1440 884 1515 920; x_wconf 89' lang='lat' dir='ltr'><em>mora</em></span> <span class='ocrx_word' id='word_1_123' title='bbox 1532 867 1587 921; x_wconf 87' lang='lat' dir='ltr'><em>ista</em></span> <span class='ocrx_word' id='word_1_124' title='bbox 1599 866 1665 936; x_wconf 89' lang='lat' dir='ltr'><em>jure</em></span> <span class='ocrx_word' id='word_1_125' title='bbox 1692 867 1777 936; x_wconf 88' lang='lat' dir='ltr'><em>ciuili,</em></span> <span class='ocrx_word' id='word_1_126' title='bbox 1792 887 1873 924; x_wconf 84' lang='lat' dir='ltr'><em>cano-</em></span> 
     </span>
    </p>
   </div>
   <div class='ocr_carea' id='block_1_4' title="bbox 214 931 1934 4890">
    <p class='ocr_par' dir='ltr' id='par_1_5' title="bbox 214 931 1934 4890">
     <span class='ocr_line' id='line_1_11' title="bbox 302 931 1874 1010; baseline -0.001 -18"><span class='ocrx_word' id='word_1_127' title='bbox 302 947 359 1001; x_wconf 83' lang='lat' dir='ltr'><em>smp</em></span> <span class='ocrx_word' id='word_1_128' title='bbox 391 947 468 990; x_wconf 78' lang='lat' dir='ltr'><em>teuta</em></span> <span class='ocrx_word' id='word_1_129' title='bbox 484 940 551 1010; x_wconf 84' lang='lat' dir='ltr'><em>negt&#39;i</em></span> <span class='ocrx_word' id='word_1_130' title='bbox 565 942 665 994; x_wconf 83' lang='lat' dir='ltr'><em>entiam</em></span> <span class='ocrx_word' id='word_1_131' title='bbox 689 950 734 1004; x_wconf 89' lang='lat' dir='ltr'><em>pra</em></span> <span class='ocrx_word' id='word_1_132' title='bbox 758 949 834 1004; x_wconf 89' lang='lat' dir='ltr'><em>parte</em></span> <span class='ocrx_word' id='word_1_133' title='bbox 858 938 980 1004; x_wconf 83' lang='lat' dir='ltr'><em>pesteris.</em></span> <span class='ocrx_word' id='word_1_134' title='bbox 1008 936 1037 989; x_wconf 83' lang='lat' dir='ltr'><em>Si</em></span> <span class='ocrx_word' id='word_1_135' title='bbox 1134 939 1211 1004; x_wconf 88' lang='lat' dir='ltr'><em>nico,</em></span> <span class='ocrx_word' id='word_1_136' title='bbox 1229 951 1279 994; x_wconf 87' lang='lat' dir='ltr'><em>aut</em></span> <span class='ocrx_word' id='word_1_137' title='bbox 1293 932 1408 992; x_wconf 85' lang='lat' dir='ltr'><em>moribus</em></span> <span class='ocrx_word' id='word_1_138' title='bbox 1424 937 1532 1008; x_wconf 87' lang='lat' dir='ltr'><em>purgari</em></span> <span class='ocrx_word' id='word_1_139' title='bbox 1546 931 1652 1004; x_wconf 78' lang='lat' dir='ltr'><em>pessit?</em></span> <span class='ocrx_word' id='word_1_140' title='bbox 1667 951 1806 992; x_wconf 86' lang='lat' dir='ltr'><em>ansontre</em></span> <span class='ocrx_word' id='word_1_141' title='bbox 1824 953 1874 1006; x_wconf 79' lang='lat' dir='ltr'><em>pn·</em></span> 
     </span>
     <span class='ocr_line' id='line_1_12' title="bbox 301 958 1874 1130; baseline 0.003 -72"><span class='ocrx_word' id='word_1_142' title='bbox 301 1019 361 1130; x_wconf 50' lang='lat' dir='ltr'><em>cmg</em></span> <span class='ocrx_word' id='word_1_143' title='bbox 393 1017 467 1062; x_wconf 88' lang='lat' dir='ltr'><em>teuta</em></span> <span class='ocrx_word' id='word_1_144' title='bbox 477 958 586 1079; x_wconf 69' lang='lat' dir='ltr'><em>fruhliss</em></span> <span class='ocrx_word' id='word_1_145' title='bbox 604 1023 655 1062; x_wconf 90' lang='lat' dir='ltr'><em>non</em></span> <span class='ocrx_word' id='word_1_146' title='bbox 669 1010 805 1074; x_wconf 89' lang='lat' dir='ltr'><em>perceperit</em></span> <span class='ocrx_word' id='word_1_147' title='bbox 821 1023 841 1059; x_wconf 90' lang='lat' dir='ltr'><em>a</em></span> <span class='ocrx_word' id='word_1_148' title='bbox 857 1007 933 1062; x_wconf 93' lang='lat' dir='ltr'><em>tertio</em></span> <span class='ocrx_word' id='word_1_149' title='bbox 950 1006 978 1062; x_wconf 84' lang='lat' dir='ltr'><em>vi</em></span> <span class='ocrx_word' id='word_1_150' title='bbox 992 1003 1037 1058; x_wconf 84' lang='lat' dir='ltr'><em>de-</em></span> <span class='ocrx_word' id='word_1_151' title='bbox 1137 1025 1210 1068; x_wconf 77' lang='lat' dir='ltr'><em>narn=</em></span> <span class='ocrx_word' id='word_1_152' title='bbox 1222 1007 1356 1062; x_wconf 91' lang='lat' dir='ltr'><em>commissi</em></span> <span class='ocrx_word' id='word_1_153' title='bbox 1375 1007 1506 1062; x_wconf 70' lang='lat' dir='ltr'><em>restitutio</em></span> <span class='ocrx_word' id='word_1_154' title='bbox 1522 1003 1679 1116; x_wconf 51' lang='lat' dir='ltr'><em>impetrari?</em></span> <span class='ocrx_word' id='word_1_155' title='bbox 1697 1005 1785 1076; x_wconf 83' lang='lat' dir='ltr'><em>qualis</em></span> <span class='ocrx_word' id='word_1_156' title='bbox 1800 1021 1874 1075; x_wconf 80' lang='lat' dir='ltr'><em>pana</em></span> 
     </span>
     <span class='ocr_line' id='line_1_13' title="bbox 299 1071 1555 1148; baseline -0.002 -16"><span class='ocrx_word' id='word_1_157' title='bbox 299 1075 334 1146; x_wconf 90' lang='lat' dir='ltr'><em>je</em></span> <span class='ocrx_word' id='word_1_158' title='bbox 361 1093 392 1132; x_wconf 88' lang='lat' dir='ltr'><em>us</em></span> <span class='ocrx_word' id='word_1_159' title='bbox 410 1091 459 1132; x_wconf 87' lang='lat' dir='ltr'><em>aut</em></span> <span class='ocrx_word' id='word_1_160' title='bbox 476 1079 556 1135; x_wconf 89' lang='lat' dir='ltr'><em>aliter</em></span> <span class='ocrx_word' id='word_1_161' title='bbox 574 1074 710 1147; x_wconf 87' lang='lat' dir='ltr'><em>impeditus</em></span> <span class='ocrx_word' id='word_1_162' title='bbox 719 1114 729 1146; x_wconf 83' lang='lat'><em>,</em></span> <span class='ocrx_word' id='word_1_163' title='bbox 746 1095 797 1134; x_wconf 91' lang='lat' dir='ltr'><em>non</em></span> <span class='ocrx_word' id='word_1_164' title='bbox 814 1074 871 1131; x_wconf 92' lang='lat' dir='ltr'><em>ideo</em></span> <span class='ocrx_word' id='word_1_165' title='bbox 888 1076 977 1133; x_wconf 89' lang='lat' dir='ltr'><em>sninus</em></span> <span class='ocrx_word' id='word_1_166' title='bbox 988 1093 1034 1130; x_wconf 89' lang='lat' dir='ltr'><em>ca·</em></span> <span class='ocrx_word' id='word_1_167' title='bbox 1136 1096 1214 1132; x_wconf 87' lang='lat' dir='ltr'><em>more</em></span> <span class='ocrx_word' id='word_1_168' title='bbox 1233 1074 1308 1134; x_wconf 86' lang='lat' dir='ltr'><em>hodie</em></span> <span class='ocrx_word' id='word_1_169' title='bbox 1321 1071 1486 1148; x_wconf 72' lang='lat' dir='ltr'><em>frequentior</em></span> <span class='ocrx_word' id='word_1_170' title='bbox 1504 1079 1555 1132; x_wconf 88' lang='lat' dir='ltr'><em>sit.</em></span> 
     </span>
     <span class='ocr_line' id='line_1_14' title="bbox 298 1143 1873 1220; baseline -0.002 -15"><span class='ocrx_word' id='word_1_171' title='bbox 298 1161 395 1205; x_wconf 85' lang='lat' dir='ltr'><em>nonem</em></span> <span class='ocrx_word' id='word_1_172' title='bbox 412 1145 509 1202; x_wconf 85' lang='lat' dir='ltr'><em>solvere</em></span> <span class='ocrx_word' id='word_1_173' title='bbox 525 1144 613 1204; x_wconf 87' lang='lat' dir='ltr'><em>debet.</em></span> <span class='ocrx_word' id='word_1_174' title='bbox 662 1207 666 1214; x_wconf 58' lang='grc'><strong><em>,</em></strong></span> <span class='ocrx_word' id='word_1_175' title='bbox 1065 1143 1110 1220; x_wconf 77' lang='lat'><em>37.</em></span> <span class='ocrx_word' id='word_1_176' title='bbox 1128 1149 1159 1204; x_wconf 85' lang='lat' dir='ltr'><em>Si</em></span> <span class='ocrx_word' id='word_1_177' title='bbox 1171 1161 1232 1215; x_wconf 86' lang='lat' dir='ltr'><em>pars</em></span> <span class='ocrx_word' id='word_1_178' title='bbox 1250 1161 1359 1212; x_wconf 75' lang='lat' dir='ltr'><em>tanturn</em></span> <span class='ocrx_word' id='word_1_179' title='bbox 1374 1148 1481 1202; x_wconf 85' lang='lat' dir='ltr'><em>cononis</em></span> <span class='ocrx_word' id='word_1_180' title='bbox 1498 1145 1586 1201; x_wconf 90' lang='lat' dir='ltr'><em>soluta</em></span> <span class='ocrx_word' id='word_1_181' title='bbox 1605 1147 1658 1216; x_wconf 89' lang='lat' dir='ltr'><em>sit,</em></span> <span class='ocrx_word' id='word_1_182' title='bbox 1675 1147 1731 1203; x_wconf 81' lang='lat' dir='ltr'><em>sice</em></span> <span class='ocrx_word' id='word_1_183' title='bbox 1745 1161 1791 1214; x_wconf 89' lang='lat' dir='ltr'><em>per</em></span> <span class='ocrx_word' id='word_1_184' title='bbox 1809 1149 1873 1202; x_wconf 89' lang='lat' dir='ltr'><em>uni·</em></span> 
     </span>
     <span class='ocr_line' id='line_1_15' title="bbox 234 1212 1934 1292; baseline -0.001 -20"><span class='ocrx_word' id='word_1_185' title='bbox 234 1230 275 1292; x_wconf 82' lang='lat'><em>19.</em></span> <span class='ocrx_word' id='word_1_186' title='bbox 293 1216 405 1272; x_wconf 82' lang='lat' dir='ltr'><em>Cononis</em></span> <span class='ocrx_word' id='word_1_187' title='bbox 421 1219 539 1274; x_wconf 87' lang='lat' dir='ltr'><em>remissis</em></span> <span class='ocrx_word' id='word_1_188' title='bbox 553 1222 606 1286; x_wconf 83' lang='lat' dir='ltr'><em>peti</em></span> <span class='ocrx_word' id='word_1_189' title='bbox 622 1233 674 1272; x_wconf 85' lang='lat' dir='ltr'><em>nort</em></span> <span class='ocrx_word' id='word_1_190' title='bbox 688 1231 769 1286; x_wconf 88' lang='lat' dir='ltr'><em>potest</em></span> <span class='ocrx_word' id='word_1_191' title='bbox 783 1212 814 1272; x_wconf 84' lang='lat' dir='ltr'><em>oh</em></span> <span class='ocrx_word' id='word_1_192' title='bbox 831 1215 968 1272; x_wconf 79' lang='lat' dir='ltr'><em>insolitam</em></span> <span class='ocrx_word' id='word_1_193' title='bbox 986 1230 1037 1270; x_wconf 85' lang='lat' dir='ltr'><em>ste·</em></span> <span class='ocrx_word' id='word_1_194' title='bbox 1134 1214 1424 1285; x_wconf 74' lang='lat' dir='ltr'><em>cumempbyteuram,</em></span> <span class='ocrx_word' id='word_1_195' title='bbox 1454 1215 1510 1270; x_wconf 81' lang='lat' dir='ltr'><em>siae</em></span> <span class='ocrx_word' id='word_1_196' title='bbox 1525 1230 1569 1285; x_wconf 90' lang='lat' dir='ltr'><em>per</em></span> <span class='ocrx_word' id='word_1_197' title='bbox 1586 1235 1672 1273; x_wconf 89' lang='lat' dir='ltr'><em>unum</em></span> <span class='ocrx_word' id='word_1_198' title='bbox 1699 1235 1730 1270; x_wconf 84' lang='lat' dir='ltr'><em>ess</em></span> <span class='ocrx_word' id='word_1_199' title='bbox 1754 1215 1873 1284; x_wconf 76' lang='lat' dir='ltr'><em>pluribus</em></span> <span class='ocrx_word' id='word_1_200' title='bbox 1926 1212 1934 1225; x_wconf 69' lang='grc'><em>“</em></span> 
     </span>
     <span class='ocr_line' id='line_1_16' title="bbox 263 1281 1874 1360; baseline 0.002 -20"><span class='ocrx_word' id='word_1_201' title='bbox 263 1303 265 1310; x_wconf 94' lang='grc'><strong><em>·</em></strong></span> <span class='ocrx_word' id='word_1_202' title='bbox 302 1284 452 1355; x_wconf 90' lang='lat' dir='ltr'><em>rilitatem‚</em></span> <span class='ocrx_word' id='word_1_203' title='bbox 474 1291 610 1346; x_wconf 88' lang='lat' dir='ltr'><em>incursum</em></span> <span class='ocrx_word' id='word_1_204' title='bbox 627 1287 761 1358; x_wconf 88' lang='lat' dir='ltr'><em>hostium,</em></span> <span class='ocrx_word' id='word_1_205' title='bbox 788 1281 889 1342; x_wconf 85' lang='lat' dir='ltr'><em>trihuta</em></span> <span class='ocrx_word' id='word_1_206' title='bbox 909 1286 1035 1360; x_wconf 79' lang='lat' dir='ltr'><em>graviora</em></span> <span class='ocrx_word' id='word_1_207' title='bbox 1134 1291 1213 1345; x_wconf 90' lang='lat' dir='ltr'><em>unius</em></span> <span class='ocrx_word' id='word_1_208' title='bbox 1231 1287 1399 1356; x_wconf 80' lang='lat' dir='ltr'><em>emphyteuta</em></span> <span class='ocrx_word' id='word_1_209' title='bbox 1416 1283 1562 1357; x_wconf 75' lang='lat' dir='ltr'><em>heredibus,</em></span> <span class='ocrx_word' id='word_1_210' title='bbox 1578 1303 1635 1343; x_wconf 88' lang='lat' dir='ltr'><em>tota</em></span> <span class='ocrx_word' id='word_1_211' title='bbox 1652 1283 1826 1356; x_wconf 74' lang='lat' dir='ltr'><em>emphyteusis</em></span> <span class='ocrx_word' id='word_1_212' title='bbox 1844 1290 1874 1344; x_wconf 89' lang='lat' dir='ltr'><em>in</em></span> 
     </span>
     <span class='ocr_line' id='line_1_17' title="bbox 299 1353 1413 1428; baseline -0.002 -14"><span class='ocrx_word' id='word_1_213' title='bbox 299 1357 442 1425; x_wconf 88' lang='lat' dir='ltr'><em>imposito,</em></span> <span class='ocrx_word' id='word_1_214' title='bbox 459 1360 512 1415; x_wconf 90' lang='lat' dir='ltr'><em>nisi</em></span> <span class='ocrx_word' id='word_1_215' title='bbox 528 1377 613 1414; x_wconf 89' lang='lat' dir='ltr'><em>canon</em></span> <span class='ocrx_word' id='word_1_216' title='bbox 621 1353 758 1428; x_wconf 76' lang='lat' dir='ltr'><em>fenilibus</em></span> <span class='ocrx_word' id='word_1_217' title='bbox 771 1355 973 1427; x_wconf 87' lang='lat' dir='ltr'><em>proportionatus</em></span> <span class='ocrx_word' id='word_1_218' title='bbox 991 1357 1035 1409; x_wconf 90' lang='lat' dir='ltr'><em>sit.</em></span> <span class='ocrx_word' id='word_1_219' title='bbox 1135 1361 1304 1414; x_wconf 84' lang='lat' dir='ltr'><em>commissam</em></span> <span class='ocrx_word' id='word_1_220' title='bbox 1322 1354 1413 1412; x_wconf 85' lang='lat' dir='ltr'><em>cadit.</em></span> 
     </span>
     <span class='ocr_line' id='line_1_18' title="bbox 230 1421 1874 1503; baseline -0.002 -19"><span class='ocrx_word' id='word_1_221' title='bbox 230 1443 272 1484; x_wconf 61' lang='grc' dir='ltr'><em>πο.</em></span> <span class='ocrx_word' id='word_1_222' title='bbox 290 1427 377 1488; x_wconf 71' lang='lat' dir='ltr'><em>Totest</em></span> <span class='ocrx_word' id='word_1_223' title='bbox 394 1440 486 1484; x_wconf 89' lang='lat' dir='ltr'><em>tamen</em></span> <span class='ocrx_word' id='word_1_224' title='bbox 501 1432 554 1497; x_wconf 91' lang='lat' dir='ltr'><em>peti</em></span> <span class='ocrx_word' id='word_1_225' title='bbox 570 1426 705 1498; x_wconf 77' lang='lat' dir='ltr'><em>remissio,</em></span> <span class='ocrx_word' id='word_1_226' title='bbox 723 1432 746 1485; x_wconf 95' lang='lat' dir='ltr'><em>si</em></span> <span class='ocrx_word' id='word_1_227' title='bbox 762 1444 830 1484; x_wconf 89' lang='lat' dir='ltr'><em>totus</em></span> <span class='ocrx_word' id='word_1_228' title='bbox 848 1446 867 1480; x_wconf 91' lang='lat' dir='ltr'><em>a</em></span> <span class='ocrx_word' id='word_1_229' title='bbox 882 1445 909 1480; x_wconf 84' lang='lat' dir='ltr'><em>tr</em></span> <span class='ocrx_word' id='word_1_230' title='bbox 931 1424 1035 1503; x_wconf 67' lang='lat' dir='ltr'><em>emply-</em></span> <span class='ocrx_word' id='word_1_231' title='bbox 1064 1421 1107 1484; x_wconf 78' lang='lat'><em>38.</em></span> <span class='ocrx_word' id='word_1_232' title='bbox 1126 1430 1175 1484; x_wconf 85' lang='lat' dir='ltr'><em>Ars</em></span> <span class='ocrx_word' id='word_1_233' title='bbox 1192 1446 1243 1483; x_wconf 76' lang='lat' dir='ltr'><em>nort</em></span> <span class='ocrx_word' id='word_1_234' title='bbox 1260 1445 1344 1483; x_wconf 88' lang='lat' dir='ltr'><em>canon</em></span> <span class='ocrx_word' id='word_1_235' title='bbox 1358 1441 1403 1495; x_wconf 88' lang='lat' dir='ltr'><em>pes</em></span> <span class='ocrx_word' id='word_1_236' title='bbox 1424 1439 1512 1493; x_wconf 90' lang='lat' dir='ltr'><em>partes</em></span> <span class='ocrx_word' id='word_1_237' title='bbox 1529 1424 1596 1482; x_wconf 87' lang='lat' dir='ltr'><em>solui</em></span> <span class='ocrx_word' id='word_1_238' title='bbox 1618 1425 1708 1494; x_wconf 89' lang='lat' dir='ltr'><em>possit,</em></span> <span class='ocrx_word' id='word_1_239' title='bbox 1735 1444 1797 1484; x_wconf 81' lang='lat' dir='ltr'><em>cum</em></span> <span class='ocrx_word' id='word_1_240' title='bbox 1815 1447 1874 1482; x_wconf 88' lang='lat' dir='ltr'><em>em·</em></span> 
     </span>
     <span class='ocr_line' id='line_1_19' title="bbox 299 1446 1885 1569; baseline -0.002 -15"><span class='ocrx_word' id='word_1_241' title='bbox 299 1498 455 1554; x_wconf 84' lang='lat' dir='ltr'><em>teuticarius</em></span> <span class='ocrx_word' id='word_1_242' title='bbox 469 1512 514 1566; x_wconf 85' lang='lat' dir='ltr'><em>per</em></span> <span class='ocrx_word' id='word_1_243' title='bbox 531 1497 613 1554; x_wconf 87' lang='lat' dir='ltr'><em>hostes</em></span> <span class='ocrx_word' id='word_1_244' title='bbox 631 1511 731 1569; x_wconf 91' lang='lat' dir='ltr'><em>captus,</em></span> <span class='ocrx_word' id='word_1_245' title='bbox 748 1495 781 1558; x_wconf 64' lang='grc' dir='ltr'><em>δ’</em></span> <span class='ocrx_word' id='word_1_246' title='bbox 799 1501 840 1554; x_wconf 90' lang='lat' dir='ltr'><em>ita</em></span> <span class='ocrx_word' id='word_1_247' title='bbox 858 1446 972 1555; x_wconf 77' lang='lat' dir='ltr'><em>hostium</em></span> <span class='ocrx_word' id='word_1_248' title='bbox 982 1497 1034 1567; x_wconf 74' lang='lat' dir='ltr'><em>ja·</em></span> <span class='ocrx_word' id='word_1_249' title='bbox 1130 1496 1256 1568; x_wconf 59' lang='lat' dir='ltr'><em>plectrum</em></span> <span class='ocrx_word' id='word_1_250' title='bbox 1272 1511 1376 1565; x_wconf 83' lang='lat' dir='ltr'><em>partem</em></span> <span class='ocrx_word' id='word_1_251' title='bbox 1384 1493 1511 1565; x_wconf 82' lang='lat' dir='ltr'><em>vendidss,</em></span> <span class='ocrx_word' id='word_1_252' title='bbox 1529 1495 1634 1558; x_wconf 69' lang='lat' dir='ltr'><em>&amp;onus</em></span> <span class='ocrx_word' id='word_1_253' title='bbox 1651 1499 1757 1554; x_wconf 86' lang='lat' dir='ltr'><em>canonis</em></span> <span class='ocrx_word' id='word_1_254' title='bbox 1773 1511 1885 1566; x_wconf 67' lang='lat' dir='ltr'><em>prom</em></span> 
     </span>
     <span class='ocr_line' id='line_1_20' title="bbox 300 1563 1874 1635; baseline -0.001 -11"><span class='ocrx_word' id='word_1_255' title='bbox 300 1567 359 1628; x_wconf 76' lang='lat' dir='ltr'><em>hius</em></span> <span class='ocrx_word' id='word_1_256' title='bbox 376 1569 429 1624; x_wconf 89' lang='lat' dir='ltr'><em>sit.</em></span> <span class='ocrx_word' id='word_1_257' title='bbox 783 1587 786 1594; x_wconf 55' lang='lat'><strong>⁴</strong></span> <span class='ocrx_word' id='word_1_258' title='bbox 1131 1585 1163 1626; x_wconf 89' lang='lat' dir='ltr'><em>ta</em></span> <span class='ocrx_word' id='word_1_259' title='bbox 1179 1565 1281 1635; x_wconf 86' lang='lat' dir='ltr'><em>divisit,</em></span> <span class='ocrx_word' id='word_1_260' title='bbox 1297 1565 1330 1628; x_wconf 68' lang='grc'><em>43</em></span> <span class='ocrx_word' id='word_1_261' title='bbox 1348 1585 1385 1621; x_wconf 93' lang='lat' dir='ltr'><em>an</em></span> <span class='ocrx_word' id='word_1_262' title='bbox 1403 1563 1473 1621; x_wconf 89' lang='lat' dir='ltr'><em>idern</em></span> <span class='ocrx_word' id='word_1_263' title='bbox 1490 1565 1607 1622; x_wconf 86' lang='lat' dir='ltr'><em>obtineat</em></span> <span class='ocrx_word' id='word_1_264' title='bbox 1625 1569 1654 1622; x_wconf 92' lang='lat' dir='ltr'><em>iet</em></span> <span class='ocrx_word' id='word_1_265' title='bbox 1669 1565 1829 1634; x_wconf 71' lang='lat' dir='ltr'><em>emphyteusi</em></span> <span class='ocrx_word' id='word_1_266' title='bbox 1841 1564 1874 1632; x_wconf 74' lang='lat' dir='ltr'><em>ti-</em></span> 
     </span>
     <span class='ocr_line' id='line_1_21' title="bbox 230 1634 1718 1710; baseline 0.002 -17"><span class='ocrx_word' id='word_1_267' title='bbox 230 1653 274 1694; x_wconf 75' lang='lat' dir='ltr'><em>nt.</em></span> <span class='ocrx_word' id='word_1_268' title='bbox 292 1638 343 1693; x_wconf 83' lang='lat' dir='ltr'><em>An</em></span> <span class='ocrx_word' id='word_1_269' title='bbox 358 1641 443 1694; x_wconf 86' lang='lat' dir='ltr'><em>etiam</em></span> <span class='ocrx_word' id='word_1_270' title='bbox 457 1649 555 1706; x_wconf 87' lang='lat' dir='ltr'><em>propter</em></span> <span class='ocrx_word' id='word_1_271' title='bbox 572 1634 798 1694; x_wconf 76' lang='lat' dir='ltr'><em>inundationem?</em></span> <span class='ocrx_word' id='word_1_272' title='bbox 1133 1639 1210 1709; x_wconf 89' lang='lat' dir='ltr'><em>scali,</em></span> <span class='ocrx_word' id='word_1_273' title='bbox 1228 1635 1297 1710; x_wconf 82' lang='lat' dir='ltr'><em>quod</em></span> <span class='ocrx_word' id='word_1_274' title='bbox 1312 1639 1341 1691; x_wconf 88' lang='lat' dir='ltr'><em>in</em></span> <span class='ocrx_word' id='word_1_275' title='bbox 1358 1639 1476 1703; x_wconf 72' lang='lat' dir='ltr'><em>privata.</em></span> <span class='ocrx_word' id='word_1_276' title='bbox 1715 1667 1718 1676; x_wconf 61' lang='lat'><strong><em>⁴</em></strong></span> 
     </span>
     <span class='ocr_line' id='line_1_22' title="bbox 230 1699 1869 1781; baseline 0.001 -19"><span class='ocrx_word' id='word_1_277' title='bbox 230 1723 272 1771; x_wconf 70' lang='lat' dir='ltr'><em>az.</em></span> <span class='ocrx_word' id='word_1_278' title='bbox 291 1705 361 1763; x_wconf 90' lang='lat' dir='ltr'><em>Perit</em></span> <span class='ocrx_word' id='word_1_279' title='bbox 379 1705 557 1778; x_wconf 80' lang='lat' dir='ltr'><em>alienatione,</em></span> <span class='ocrx_word' id='word_1_280' title='bbox 575 1703 724 1780; x_wconf 67' lang='lat' dir='ltr'><em>panfella</em></span> <span class='ocrx_word' id='word_1_281' title='bbox 741 1723 798 1778; x_wconf 85' lang='lat' dir='ltr'><em>est,</em></span> <span class='ocrx_word' id='word_1_282' title='bbox 824 1724 875 1762; x_wconf 89' lang='lat' dir='ltr'><em>non</em></span> <span class='ocrx_word' id='word_1_283' title='bbox 886 1699 971 1774; x_wconf 78' lang='lat' dir='ltr'><em>falla</em></span> <span class='ocrx_word' id='word_1_284' title='bbox 988 1701 1033 1758; x_wconf 88' lang='lat' dir='ltr'><em>do-</em></span> <span class='ocrx_word' id='word_1_285' title='bbox 1062 1703 1107 1781; x_wconf 78' lang='lat'><em>39.</em></span> <span class='ocrx_word' id='word_1_286' title='bbox 1124 1710 1173 1765; x_wconf 83' lang='lat' dir='ltr'><em>An</em></span> <span class='ocrx_word' id='word_1_287' title='bbox 1200 1727 1243 1764; x_wconf 92' lang='lat' dir='ltr'><em>em</em></span> <span class='ocrx_word' id='word_1_288' title='bbox 1259 1705 1366 1776; x_wconf 73' lang='lat' dir='ltr'><em>byteuta</em></span> <span class='ocrx_word' id='word_1_289' title='bbox 1376 1702 1579 1774; x_wconf 88' lang='lat' dir='ltr'><em>interpellandus</em></span> <span class='ocrx_word' id='word_1_290' title='bbox 1598 1707 1633 1762; x_wconf 88' lang='lat' dir='ltr'><em>sit</em></span> <span class='ocrx_word' id='word_1_291' title='bbox 1643 1704 1685 1760; x_wconf 87' lang='lat' dir='ltr'><em>ad</em></span> <span class='ocrx_word' id='word_1_292' title='bbox 1690 1704 1869 1764; x_wconf 68' lang='lat' dir='ltr'><em>sctuss&#39;enerne</em></span> 
     </span>
     <span class='ocr_line' id='line_1_23' title="bbox 297 1771 1869 1850; baseline -0.003 -14"><span class='ocrx_word' id='word_1_293' title='bbox 297 1779 369 1836; x_wconf 84' lang='lat' dir='ltr'><em>mino</em></span> <span class='ocrx_word' id='word_1_294' title='bbox 385 1775 483 1833; x_wconf 81' lang='lat' dir='ltr'><em>dsrehie</em></span> <span class='ocrx_word' id='word_1_295' title='bbox 499 1775 698 1834; x_wconf 86' lang='lat' dir='ltr'><em>denunciatione</em></span> <span class='ocrx_word' id='word_1_296' title='bbox 742 1775 818 1850; x_wconf 88' lang='lat' dir='ltr'><em>idque</em></span> <span class='ocrx_word' id='word_1_297' title='bbox 830 1790 876 1845; x_wconf 88' lang='lat' dir='ltr'><em>pro</em></span> <span class='ocrx_word' id='word_1_298' title='bbox 891 1794 925 1829; x_wconf 89' lang='lat' dir='ltr'><em>ea</em></span> <span class='ocrx_word' id='word_1_299' title='bbox 941 1781 1034 1844; x_wconf 83' lang='lat' dir='ltr'><em>perte,</em></span> <span class='ocrx_word' id='word_1_300' title='bbox 1132 1798 1170 1834; x_wconf 91' lang='lat' dir='ltr'><em>are</em></span> <span class='ocrx_word' id='word_1_301' title='bbox 1188 1798 1218 1836; x_wconf 95' lang='lat' dir='ltr'><em>su</em></span> <span class='ocrx_word' id='word_1_302' title='bbox 1245 1780 1300 1834; x_wconf 88' lang='lat' dir='ltr'><em>ciet</em></span> <span class='ocrx_word' id='word_1_303' title='bbox 1318 1775 1374 1832; x_wconf 90' lang='lat' dir='ltr'><em>sola</em></span> <span class='ocrx_word' id='word_1_304' title='bbox 1391 1771 1487 1832; x_wconf 86' lang='lat' dir='ltr'><em>oblatio</em></span> <span class='ocrx_word' id='word_1_305' title='bbox 1504 1776 1610 1830; x_wconf 67' lang='lat' dir='ltr'><em>eunome</em></span> <span class='ocrx_word' id='word_1_306' title='bbox 1627 1775 1701 1831; x_wconf 85' lang='lat' dir='ltr'><em>intra</em></span> <span class='ocrx_word' id='word_1_307' title='bbox 1719 1774 1869 1848; x_wconf 83' lang='lat' dir='ltr'><em>legitimum</em></span> 
     </span>
     <span class='ocr_line' id='line_1_24' title="bbox 298 1844 1889 1918; baseline 0 -16"><span class='ocrx_word' id='word_1_308' title='bbox 298 1863 354 1918; x_wconf 84' lang='lat' dir='ltr'><em>que</em></span> <span class='ocrx_word' id='word_1_309' title='bbox 371 1846 492 1902; x_wconf 86' lang='lat' dir='ltr'><em>alienata</em></span> <span class='ocrx_word' id='word_1_310' title='bbox 508 1863 566 1912; x_wconf 81' lang='lat' dir='ltr'><em>est3</em></span> <span class='ocrx_word' id='word_1_311' title='bbox 583 1849 638 1904; x_wconf 84' lang='lat' dir='ltr'><em>sive</em></span> <span class='ocrx_word' id='word_1_312' title='bbox 654 1870 672 1903; x_wconf 91' lang='lat' dir='ltr'><em>a</em></span> <span class='ocrx_word' id='word_1_313' title='bbox 711 1867 751 1904; x_wconf 90' lang='lat' dir='ltr'><em>sso</em></span> <span class='ocrx_word' id='word_1_314' title='bbox 768 1854 823 1906; x_wconf 83' lang='lat' dir='ltr'><em>sive</em></span> <span class='ocrx_word' id='word_1_315' title='bbox 841 1847 1033 1912; x_wconf 87' lang='lat' dir='ltr'><em>aprivatoem-</em></span> <span class='ocrx_word' id='word_1_316' title='bbox 1129 1864 1228 1918; x_wconf 86' lang='lat' dir='ltr'><em>ternpus</em></span> <span class='ocrx_word' id='word_1_317' title='bbox 1246 1844 1287 1900; x_wconf 91' lang='lat' dir='ltr'><em>ad</em></span> <span class='ocrx_word' id='word_1_318' title='bbox 1298 1844 1457 1904; x_wconf 86' lang='lat' dir='ltr'><em>evitandam</em></span> <span class='ocrx_word' id='word_1_319' title='bbox 1470 1847 1572 1912; x_wconf 84' lang='lat' dir='ltr'><em>partam</em></span> <span class='ocrx_word' id='word_1_320' title='bbox 1597 1846 1741 1913; x_wconf 84' lang='lat' dir='ltr'><em>commissi,</em></span> <span class='ocrx_word' id='word_1_321' title='bbox 1758 1849 1783 1901; x_wconf 91' lang='lat' dir='ltr'><em>si</em></span> <span class='ocrx_word' id='word_1_322' title='bbox 1805 1845 1889 1910; x_wconf 75' lang='lat' dir='ltr'><em>desis</em></span> 
     </span>
     <span class='ocr_line' id='line_1_25' title="bbox 295 1911 1872 1992; baseline 0.001 -20"><span class='ocrx_word' id='word_1_323' title='bbox 295 1914 424 1986; x_wconf 85' lang='lat' dir='ltr'><em>phyteusis</em></span> <span class='ocrx_word' id='word_1_324' title='bbox 442 1936 560 1978; x_wconf 87' lang='lat' dir='ltr'><em>concessa</em></span> <span class='ocrx_word' id='word_1_325' title='bbox 578 1919 630 1974; x_wconf 83' lang='lat' dir='ltr'><em>sit.</em></span> <span class='ocrx_word' id='word_1_326' title='bbox 658 1918 736 1992; x_wconf 78' lang='lat' dir='ltr'><em>Quid</em></span> <span class='ocrx_word' id='word_1_327' title='bbox 758 1916 801 1975; x_wconf 85' lang='lat' dir='ltr'><em>hic</em></span> <span class='ocrx_word' id='word_1_328' title='bbox 826 1911 940 1972; x_wconf 89' lang='lat' dir='ltr'><em>morihus</em></span> <span class='ocrx_word' id='word_1_329' title='bbox 967 1911 1032 1969; x_wconf 83' lang='lat' dir='ltr'><em>ohti-</em></span> <span class='ocrx_word' id='word_1_330' title='bbox 1131 1918 1251 1988; x_wconf 64' lang='lat' dir='ltr'><em>depositio</em></span> <span class='ocrx_word' id='word_1_331' title='bbox 1264 1913 1328 1970; x_wconf 56' lang='grc' dir='ltr'><em>,ἕλη</em></span> <span class='ocrx_word' id='word_1_332' title='bbox 1345 1935 1430 1971; x_wconf 86' lang='lat' dir='ltr'><em>caston</em></span> <span class='ocrx_word' id='word_1_333' title='bbox 1437 1917 1722 1984; x_wconf 80' lang='lat' dir='ltr'><em>pertempensatt&#39;onem</em></span> <span class='ocrx_word' id='word_1_334' title='bbox 1732 1916 1797 1972; x_wconf 85' lang='lat' dir='ltr'><em>solui</em></span> <span class='ocrx_word' id='word_1_335' title='bbox 1812 1931 1872 1986; x_wconf 88' lang='lat' dir='ltr'><em>pos·</em></span> 
     </span>
     <span class='ocr_line' id='line_1_26' title="bbox 296 1979 1869 2059; baseline -0.001 -17"><span class='ocrx_word' id='word_1_336' title='bbox 296 1979 386 2042; x_wconf 77' lang='lat' dir='ltr'><em>neat?</em></span> <span class='ocrx_word' id='word_1_337' title='bbox 411 1985 460 2042; x_wconf 84' lang='lat' dir='ltr'><em>An</em></span> <span class='ocrx_word' id='word_1_338' title='bbox 476 1984 596 2044; x_wconf 90' lang='lat' dir='ltr'><em>dominus</em></span> <span class='ocrx_word' id='word_1_339' title='bbox 613 1985 728 2046; x_wconf 79' lang='lat' dir='ltr'><em>direhius</em></span> <span class='ocrx_word' id='word_1_340' title='bbox 746 1989 802 2044; x_wconf 89' lang='lat' dir='ltr'><em>sine</em></span> <span class='ocrx_word' id='word_1_341' title='bbox 828 1984 1028 2042; x_wconf 87' lang='lat' dir='ltr'><em>denunciatione</em></span> <span class='ocrx_word' id='word_1_342' title='bbox 1130 1991 1176 2059; x_wconf 86' lang='lat' dir='ltr'><em>sit,</em></span> <span class='ocrx_word' id='word_1_343' title='bbox 1195 1991 1217 2044; x_wconf 92' lang='lat' dir='ltr'><em>si</em></span> <span class='ocrx_word' id='word_1_344' title='bbox 1234 2007 1268 2042; x_wconf 90' lang='lat' dir='ltr'><em>ea</em></span> <span class='ocrx_word' id='word_1_345' title='bbox 1285 1984 1375 2042; x_wconf 85' lang='lat' dir='ltr'><em>oblata</em></span> <span class='ocrx_word' id='word_1_346' title='bbox 1392 2005 1443 2042; x_wconf 90' lang='lat' dir='ltr'><em>nors</em></span> <span class='ocrx_word' id='word_1_347' title='bbox 1460 1981 1522 2041; x_wconf 84' lang='lat' dir='ltr'><em>sit?</em></span> <span class='ocrx_word' id='word_1_348' title='bbox 1538 2003 1576 2040; x_wconf 86' lang='lat' dir='ltr'><em>on</em></span> <span class='ocrx_word' id='word_1_349' title='bbox 1590 1997 1634 2050; x_wconf 89' lang='lat' dir='ltr'><em>per</em></span> <span class='ocrx_word' id='word_1_350' title='bbox 1650 1985 1739 2040; x_wconf 87' lang='lat' dir='ltr'><em>alium</em></span> <span class='ocrx_word' id='word_1_351' title='bbox 1755 2001 1869 2053; x_wconf 85' lang='lat' dir='ltr'><em>proem-</em></span> 
     </span>
     <span class='ocr_line' id='line_1_27' title="bbox 294 2048 1871 2130; baseline 0.001 -19"><span class='ocrx_word' id='word_1_352' title='bbox 294 2071 353 2126; x_wconf 89' lang='lat' dir='ltr'><em>emp</em></span> <span class='ocrx_word' id='word_1_353' title='bbox 386 2071 460 2112; x_wconf 82' lang='lat' dir='ltr'><em>teuta</em></span> <span class='ocrx_word' id='word_1_354' title='bbox 472 2053 565 2130; x_wconf 80' lang='lat' dir='ltr'><em>falia,</em></span> <span class='ocrx_word' id='word_1_355' title='bbox 576 2057 627 2130; x_wconf 92' lang='lat' dir='ltr'><em>jus</em></span> <span class='ocrx_word' id='word_1_356' title='bbox 644 2078 723 2116; x_wconf 91' lang='lat' dir='ltr'><em>suum</em></span> <span class='ocrx_word' id='word_1_357' title='bbox 740 2059 861 2113; x_wconf 87' lang='lat' dir='ltr'><em>alienare</em></span> <span class='ocrx_word' id='word_1_358' title='bbox 877 2048 980 2124; x_wconf 80' lang='lat' dir='ltr'><em>possit?</em></span> <span class='ocrx_word' id='word_1_359' title='bbox 1093 2110 1095 2115; x_wconf 89' lang='grc'><strong>,</strong></span> <span class='ocrx_word' id='word_1_360' title='bbox 1125 2057 1419 2129; x_wconf 77' lang='lat' dir='ltr'><em>physeutacanonsolui</em></span> <span class='ocrx_word' id='word_1_361' title='bbox 1432 2048 1653 2111; x_wconf 83' lang='lat' dir='ltr'><em>sinemandato?</em></span> <span class='ocrx_word' id='word_1_362' title='bbox 1663 2057 1871 2112; x_wconf 85' lang='lat' dir='ltr'><em>aninanteces-</em></span> 
     </span>
     <span class='ocr_line' id='line_1_28' title="bbox 225 2119 1613 2198; baseline -0.007 -10"><span class='ocrx_word' id='word_1_363' title='bbox 225 2122 269 2191; x_wconf 65' lang='lat'><em>23.</em></span> <span class='ocrx_word' id='word_1_364' title='bbox 286 2127 336 2183; x_wconf 83' lang='lat' dir='ltr'><em>An</em></span> <span class='ocrx_word' id='word_1_365' title='bbox 400 2139 473 2193; x_wconf 82' lang='lat' dir='ltr'><em>pana</em></span> <span class='ocrx_word' id='word_1_366' title='bbox 492 2129 625 2182; x_wconf 88' lang='lat' dir='ltr'><em>commissi</em></span> <span class='ocrx_word' id='word_1_367' title='bbox 641 2129 726 2184; x_wconf 92' lang='lat' dir='ltr'><em>locum</em></span> <span class='ocrx_word' id='word_1_368' title='bbox 743 2125 840 2185; x_wconf 87' lang='lat' dir='ltr'><em>haheat</em></span> <span class='ocrx_word' id='word_1_369' title='bbox 877 2127 908 2198; x_wconf 85' lang='lat' dir='ltr'><em>si¹</em></span> <span class='ocrx_word' id='word_1_370' title='bbox 918 2121 1032 2182; x_wconf 82' lang='lat' dir='ltr'><em>venditio</em></span> <span class='ocrx_word' id='word_1_371' title='bbox 1131 2147 1283 2186; x_wconf 86' lang='lat' dir='ltr'><em>sserncamn</em></span> <span class='ocrx_word' id='word_1_372' title='bbox 1300 2129 1383 2184; x_wconf 80' lang='lat' dir='ltr'><em>invito</em></span> <span class='ocrx_word' id='word_1_373' title='bbox 1400 2124 1504 2182; x_wconf 87' lang='lat' dir='ltr'><em>domino</em></span> <span class='ocrx_word' id='word_1_374' title='bbox 1522 2119 1613 2180; x_wconf 78' lang='lat' dir='ltr'><em>solvi?</em></span> 
     </span>
     <span class='ocr_line' id='line_1_29' title="bbox 296 2192 1870 2270; baseline -0.001 -16"><span class='ocrx_word' id='word_1_375' title='bbox 296 2193 372 2254; x_wconf 83' lang='lat' dir='ltr'><em>neella</em></span> <span class='ocrx_word' id='word_1_376' title='bbox 391 2196 437 2266; x_wconf 84' lang='lat' dir='ltr'><em>sit,</em></span> <span class='ocrx_word' id='word_1_377' title='bbox 454 2197 499 2250; x_wconf 79' lang='lat' dir='ltr'><em>uel</em></span> <span class='ocrx_word' id='word_1_378' title='bbox 512 2193 715 2257; x_wconf 78' lang='lat' dir='ltr'><em>conditionalis?</em></span> <span class='ocrx_word' id='word_1_379' title='bbox 732 2199 833 2256; x_wconf 81' lang='lat' dir='ltr'><em>veltro</em></span> <span class='ocrx_word' id='word_1_380' title='bbox 852 2199 900 2254; x_wconf 74' lang='lat'><em>1:1¹0</em></span> <span class='ocrx_word' id='word_1_381' title='bbox 917 2192 1029 2252; x_wconf 84' lang='lat' dir='ltr'><em>necdum</em></span> <span class='ocrx_word' id='word_1_382' title='bbox 1059 2198 1102 2270; x_wconf 88' lang='grc' dir='ltr'><em>4ο.</em></span> <span class='ocrx_word' id='word_1_383' title='bbox 1119 2200 1168 2254; x_wconf 84' lang='lat' dir='ltr'><em>An</em></span> <span class='ocrx_word' id='word_1_384' title='bbox 1186 2217 1261 2254; x_wconf 91' lang='lat' dir='ltr'><em>mora</em></span> <span class='ocrx_word' id='word_1_385' title='bbox 1278 2195 1383 2252; x_wconf 89' lang='lat' dir='ltr'><em>ahhatis</em></span> <span class='ocrx_word' id='word_1_386' title='bbox 1401 2195 1446 2254; x_wconf 84' lang='lat' dir='ltr'><em>vel</em></span> <span class='ocrx_word' id='word_1_387' title='bbox 1458 2197 1579 2253; x_wconf 68' lang='lat' dir='ltr'><em>oeconomi</em></span> <span class='ocrx_word' id='word_1_388' title='bbox 1594 2209 1684 2250; x_wconf 83' lang='lat' dir='ltr'><em>noceat</em></span> <span class='ocrx_word' id='word_1_389' title='bbox 1708 2200 1870 2256; x_wconf 85' lang='lat' dir='ltr'><em>monasteria</em></span> 
     </span>
     <span class='ocr_line' id='line_1_30' title="bbox 289 2260 1865 2336; baseline -0.001 -13"><span class='ocrx_word' id='word_1_390' title='bbox 289 2260 401 2335; x_wconf 74' lang='lat' dir='ltr'><em>salla?</em></span> <span class='ocrx_word' id='word_1_391' title='bbox 1127 2269 1172 2328; x_wconf 79' lang='lat' dir='ltr'><em>vel</em></span> <span class='ocrx_word' id='word_1_392' title='bbox 1186 2265 1324 2336; x_wconf 73' lang='lat' dir='ltr'><em>ecclesie?</em></span> <span class='ocrx_word' id='word_1_393' title='bbox 1341 2267 1391 2324; x_wconf 80' lang='lat' dir='ltr'><em>An</em></span> <span class='ocrx_word' id='word_1_394' title='bbox 1418 2285 1493 2321; x_wconf 90' lang='lat' dir='ltr'><em>mora</em></span> <span class='ocrx_word' id='word_1_395' title='bbox 1511 2266 1606 2322; x_wconf 91' lang='lat' dir='ltr'><em>mariti</em></span> <span class='ocrx_word' id='word_1_396' title='bbox 1633 2281 1726 2320; x_wconf 79' lang='lat' dir='ltr'><em>nocem</em></span> <span class='ocrx_word' id='word_1_397' title='bbox 1744 2270 1817 2322; x_wconf 80' lang='lat' dir='ltr'><em>uxori</em></span> <span class='ocrx_word' id='word_1_398' title='bbox 1833 2287 1865 2322; x_wconf 87' lang='lat' dir='ltr'><em>ess</em></span> 
     </span>
     <span class='ocr_line' id='line_1_31' title="bbox 227 2329 1602 2410; baseline -0.002 -20"><span class='ocrx_word' id='word_1_399' title='bbox 227 2332 270 2404; x_wconf 68' lang='lat'><em>14.</em></span> <span class='ocrx_word' id='word_1_400' title='bbox 289 2329 352 2392; x_wconf 81' lang='lat' dir='ltr'><em>Sub·</em></span> <span class='ocrx_word' id='word_1_401' title='bbox 361 2333 529 2406; x_wconf 84' lang='lat' dir='ltr'><em>alienatione,</em></span> <span class='ocrx_word' id='word_1_402' title='bbox 545 2356 596 2396; x_wconf 86' lang='lat' dir='ltr'><em>nen</em></span> <span class='ocrx_word' id='word_1_403' title='bbox 612 2341 668 2394; x_wconf 86' lang='lat' dir='ltr'><em>eine</em></span> <span class='ocrx_word' id='word_1_404' title='bbox 684 2337 880 2396; x_wconf 85' lang='lat' dir='ltr'><em>denunciatione</em></span> <span class='ocrx_word' id='word_1_405' title='bbox 890 2331 1030 2409; x_wconf 84' lang='lat' dir='ltr'><em>facienda,</em></span> <span class='ocrx_word' id='word_1_406' title='bbox 1123 2340 1187 2410; x_wconf 86' lang='lat' dir='ltr'><em>jure</em></span> <span class='ocrx_word' id='word_1_407' title='bbox 1205 2335 1363 2398; x_wconf 82' lang='lat' dir='ltr'><em>Hellandt&#39;se</em></span> <span class='ocrx_word' id='word_1_408' title='bbox 1381 2334 1415 2398; x_wconf 65' lang='lat'><em>(3</em></span> <span class='ocrx_word' id='word_1_409' title='bbox 1432 2331 1602 2404; x_wconf 83' lang='lat' dir='ltr'><em>Trajehiino?</em></span> 
     </span>
     <span class='ocr_line' id='line_1_32' title="bbox 221 2402 1869 2484; baseline 0 -25"><span class='ocrx_word' id='word_1_410' title='bbox 221 2465 233 2484; x_wconf 87' lang='lat'><em>.·</em></span> <span class='ocrx_word' id='word_1_411' title='bbox 296 2423 347 2459; x_wconf 88' lang='lat' dir='ltr'><em>non</em></span> <span class='ocrx_word' id='word_1_412' title='bbox 363 2407 508 2460; x_wconf 90' lang='lat' dir='ltr'><em>continetur</em></span> <span class='ocrx_word' id='word_1_413' title='bbox 524 2409 702 2481; x_wconf 83' lang='lat' dir='ltr'><em>oppignoratis,</em></span> <span class='ocrx_word' id='word_1_414' title='bbox 720 2425 768 2466; x_wconf 90' lang='lat' dir='ltr'><em>asst</em></span> <span class='ocrx_word' id='word_1_415' title='bbox 787 2409 921 2465; x_wconf 83' lang='lat' dir='ltr'><em>seruitutis</em></span> <span class='ocrx_word' id='word_1_416' title='bbox 948 2407 1030 2473; x_wconf 91' lang='lat' dir='ltr'><em>impo-</em></span> <span class='ocrx_word' id='word_1_417' title='bbox 1058 2402 1869 2482; x_wconf 70' lang='lat' dir='ltr'><em>41.Anemphyteutafiuhlusanniquartiperteptosred-</em></span> 
     </span>
     <span class='ocr_line' id='line_1_33' title="bbox 297 2471 1867 2548; baseline 0.003 -18"><span class='ocrx_word' id='word_1_418' title='bbox 297 2476 378 2539; x_wconf 71' lang='lat' dir='ltr'><em>sitias</em></span> <span class='ocrx_word' id='word_1_419' title='bbox 395 2472 429 2536; x_wconf 64' lang='grc' dir='ltr'>Θ</span> <span class='ocrx_word' id='word_1_420' title='bbox 446 2475 498 2532; x_wconf 82' lang='lat' dir='ltr'><em>hac</em></span> <span class='ocrx_word' id='word_1_421' title='bbox 514 2495 566 2532; x_wconf 89' lang='lat' dir='ltr'><em>non</em></span> <span class='ocrx_word' id='word_1_422' title='bbox 583 2493 673 2535; x_wconf 89' lang='lat' dir='ltr'><em>nocent</em></span> <span class='ocrx_word' id='word_1_423' title='bbox 690 2477 793 2535; x_wconf 90' lang='lat' dir='ltr'><em>domino</em></span> <span class='ocrx_word' id='word_1_424' title='bbox 809 2475 925 2534; x_wconf 76' lang='lat' dir='ltr'><em>direhlo.</em></span> <span class='ocrx_word' id='word_1_425' title='bbox 1128 2478 1187 2535; x_wconf 87' lang='lat' dir='ltr'><em>dere</em></span> <span class='ocrx_word' id='word_1_426' title='bbox 1203 2494 1335 2548; x_wconf 86' lang='lat' dir='ltr'><em>teneatur,</em></span> <span class='ocrx_word' id='word_1_427' title='bbox 1351 2481 1375 2534; x_wconf 92' lang='lat' dir='ltr'><em>si</em></span> <span class='ocrx_word' id='word_1_428' title='bbox 1391 2477 1512 2535; x_wconf 78' lang='lat' dir='ltr'><em>dominus</em></span> <span class='ocrx_word' id='word_1_429' title='bbox 1528 2471 1638 2531; x_wconf 77' lang='lat' dir='ltr'><em>domum</em></span> <span class='ocrx_word' id='word_1_430' title='bbox 1645 2489 1699 2543; x_wconf 88' lang='lat' dir='ltr'><em>post</em></span> <span class='ocrx_word' id='word_1_431' title='bbox 1710 2492 1800 2532; x_wconf 67' lang='lat' dir='ltr'><em>aarum</em></span> <span class='ocrx_word' id='word_1_432' title='bbox 1807 2489 1867 2544; x_wconf 82' lang='lat' dir='ltr'><em>ptr·</em></span> 
     </span>
     <span class='ocr_line' id='line_1_34' title="bbox 227 2542 1868 2622; baseline -0.001 -20"><span class='ocrx_word' id='word_1_433' title='bbox 227 2543 269 2602; x_wconf 74' lang='grc'><em>15.</em></span> <span class='ocrx_word' id='word_1_434' title='bbox 288 2543 348 2599; x_wconf 85' lang='lat' dir='ltr'><em>Non</em></span> <span class='ocrx_word' id='word_1_435' title='bbox 364 2545 450 2599; x_wconf 87' lang='lat' dir='ltr'><em>etiam</em></span> <span class='ocrx_word' id='word_1_436' title='bbox 466 2543 590 2620; x_wconf 87' lang='lat' dir='ltr'><em>donatio,</em></span> <span class='ocrx_word' id='word_1_437' title='bbox 605 2551 783 2620; x_wconf 75' lang='lat' dir='ltr'><em>permutatio,</em></span> <span class='ocrx_word' id='word_1_438' title='bbox 799 2547 933 2622; x_wconf 84' lang='lat' dir='ltr'><em>legatum,</em></span> <span class='ocrx_word' id='word_1_439' title='bbox 950 2542 1029 2600; x_wconf 86' lang='lat' dir='ltr'><em>base·</em></span> <span class='ocrx_word' id='word_1_440' title='bbox 1126 2551 1268 2619; x_wconf 84' lang='lat' dir='ltr'><em>ceptionem</em></span> <span class='ocrx_word' id='word_1_441' title='bbox 1284 2547 1462 2606; x_wconf 79' lang='lat' dir='ltr'><em>declaraverit</em></span> <span class='ocrx_word' id='word_1_442' title='bbox 1481 2545 1606 2602; x_wconf 82' lang='lat' dir='ltr'><em>animum</em></span> <span class='ocrx_word' id='word_1_443' title='bbox 1624 2543 1868 2614; x_wconf 85' lang='lat' dir='ltr'><em>avocandiemphy-</em></span> 
     </span>
     <span class='ocr_line' id='line_1_35' title="bbox 294 2613 1241 2677; baseline 0.004 -7"><span class='ocrx_word' id='word_1_444' title='bbox 294 2613 337 2670; x_wconf 91' lang='lat' dir='ltr'><em>dis</em></span> <span class='ocrx_word' id='word_1_445' title='bbox 353 2616 497 2674; x_wconf 86' lang='lat' dir='ltr'><em>institutio.</em></span> <span class='ocrx_word' id='word_1_446' title='bbox 1127 2613 1241 2677; x_wconf 79' lang='lat' dir='ltr'><em>teusin?</em></span> 
     </span>
     <span class='ocr_line' id='line_1_36' title="bbox 226 2681 1867 2760; baseline -0.002 -18"><span class='ocrx_word' id='word_1_447' title='bbox 226 2681 268 2746; x_wconf 69' lang='lat' dir='ltr'><em>nli·</em></span> <span class='ocrx_word' id='word_1_448' title='bbox 287 2685 350 2742; x_wconf 81' lang='lat' dir='ltr'><em>Sive</em></span> <span class='ocrx_word' id='word_1_449' title='bbox 365 2684 533 2744; x_wconf 86' lang='lat' dir='ltr'><em>denunciatio</em></span> <span class='ocrx_word' id='word_1_450' title='bbox 550 2691 700 2745; x_wconf 84' lang='lat' dir='ltr'><em>necessaria</em></span> <span class='ocrx_word' id='word_1_451' title='bbox 717 2692 769 2759; x_wconf 88' lang='lat' dir='ltr'><em>sit,</em></span> <span class='ocrx_word' id='word_1_452' title='bbox 786 2692 841 2746; x_wconf 85' lang='lat' dir='ltr'><em>sive</em></span> <span class='ocrx_word' id='word_1_453' title='bbox 857 2704 926 2756; x_wconf 89' lang='lat' dir='ltr'><em>nan,</em></span> <span class='ocrx_word' id='word_1_454' title='bbox 944 2685 1029 2742; x_wconf 89' lang='lat' dir='ltr'><em>domi-</em></span> <span class='ocrx_word' id='word_1_455' title='bbox 1057 2688 1100 2760; x_wconf 62' lang='grc' dir='ltr'><em>4η.</em></span> <span class='ocrx_word' id='word_1_456' title='bbox 1118 2691 1208 2746; x_wconf 80' lang='lat' dir='ltr'><em>Cessat</em></span> <span class='ocrx_word' id='word_1_457' title='bbox 1223 2705 1297 2759; x_wconf 82' lang='lat' dir='ltr'><em>puna</em></span> <span class='ocrx_word' id='word_1_458' title='bbox 1314 2690 1450 2747; x_wconf 89' lang='lat' dir='ltr'><em>commissi</em></span> <span class='ocrx_word' id='word_1_459' title='bbox 1465 2687 1497 2745; x_wconf 90' lang='lat' dir='ltr'><em>oh</em></span> <span class='ocrx_word' id='word_1_460' title='bbox 1513 2708 1626 2758; x_wconf 90' lang='lat' dir='ltr'><em>moram,</em></span> <span class='ocrx_word' id='word_1_461' title='bbox 1636 2686 1660 2742; x_wconf 89' lang='lat' dir='ltr'><em>si</em></span> <span class='ocrx_word' id='word_1_462' title='bbox 1671 2682 1791 2742; x_wconf 89' lang='lat' dir='ltr'><em>dominus</em></span> <span class='ocrx_word' id='word_1_463' title='bbox 1801 2703 1867 2740; x_wconf 85' lang='lat' dir='ltr'><em>eam</em></span> 
     </span>
     <span class='ocr_line' id='line_1_37' title="bbox 291 2753 1867 2830; baseline -0.001 -18"><span class='ocrx_word' id='word_1_464' title='bbox 291 2775 325 2812; x_wconf 91' lang='lat' dir='ltr'><em>no</em></span> <span class='ocrx_word' id='word_1_465' title='bbox 342 2753 440 2811; x_wconf 75' lang='lat' dir='ltr'><em>direhlo</em></span> <span class='ocrx_word' id='word_1_466' title='bbox 456 2756 546 2812; x_wconf 87' lang='lat' dir='ltr'><em>dehita</em></span> <span class='ocrx_word' id='word_1_467' title='bbox 563 2774 606 2828; x_wconf 90' lang='lat' dir='ltr'><em>per</em></span> <span class='ocrx_word' id='word_1_468' title='bbox 623 2775 748 2816; x_wconf 89' lang='lat' dir='ltr'><em>emtorcm</em></span> <span class='ocrx_word' id='word_1_469' title='bbox 763 2761 840 2830; x_wconf 86' lang='lat' dir='ltr'><em>pretii</em></span> <span class='ocrx_word' id='word_1_470' title='bbox 864 2771 925 2827; x_wconf 93' lang='lat' dir='ltr'><em>pars</em></span> <span class='ocrx_word' id='word_1_471' title='bbox 952 2760 1028 2828; x_wconf 84' lang='lat' dir='ltr'><em>quin-</em></span> <span class='ocrx_word' id='word_1_472' title='bbox 1124 2763 1263 2819; x_wconf 89' lang='lat' dir='ltr'><em>remiscrit.</em></span> <span class='ocrx_word' id='word_1_473' title='bbox 1282 2759 1331 2816; x_wconf 83' lang='lat' dir='ltr'><em>An</em></span> <span class='ocrx_word' id='word_1_474' title='bbox 1347 2761 1631 2828; x_wconf 77' lang='lat' dir='ltr'><em>censeaturremisisse,</em></span> <span class='ocrx_word' id='word_1_475' title='bbox 1650 2758 1674 2817; x_wconf 93' lang='lat' dir='ltr'><em>si</em></span> <span class='ocrx_word' id='word_1_476' title='bbox 1690 2757 1773 2810; x_wconf 87' lang='lat' dir='ltr'><em>sciens</em></span> <span class='ocrx_word' id='word_1_477' title='bbox 1791 2774 1867 2811; x_wconf 90' lang='lat' dir='ltr'><em>acse-</em></span> 
     </span>
     <span class='ocr_line' id='line_1_38' title="bbox 294 2819 1731 2903; baseline -0.013 -5"><span class='ocrx_word' id='word_1_478' title='bbox 294 2843 386 2899; x_wconf 59' lang='grc' dir='ltr'><em>ΜΨ</em></span> <span class='ocrx_word' id='word_1_479' title='bbox 388 2829 464 2897; x_wconf 63' lang='lat'><em>&#39;&#39;0¹1”</em></span> <span class='ocrx_word' id='word_1_480' title='bbox 483 2829 512 2883; x_wconf 53' lang='grc' dir='ltr'><em>’Ἀ</em></span> <span class='ocrx_word' id='word_1_481' title='bbox 529 2827 677 2886; x_wconf 61' lang='lat' dir='ltr'><em>Hlllffldl‘</em></span> <span class='ocrx_word' id='word_1_482' title='bbox 694 2827 841 2900; x_wconf 72' lang='lat' dir='ltr'><em>duplicatur</em></span> <span class='ocrx_word' id='word_1_483' title='bbox 866 2847 969 2885; x_wconf 89' lang='lat' dir='ltr'><em>canon:</em></span> <span class='ocrx_word' id='word_1_484' title='bbox 995 2825 1029 2890; x_wconf 66' lang='grc' dir='ltr'>Θ</span> <span class='ocrx_word' id='word_1_485' title='bbox 1124 2833 1191 2901; x_wconf 90' lang='lat' dir='ltr'><em>perit</em></span> <span class='ocrx_word' id='word_1_486' title='bbox 1208 2830 1253 2887; x_wconf 89' lang='lat' dir='ltr'><em>vel</em></span> <span class='ocrx_word' id='word_1_487' title='bbox 1266 2835 1376 2903; x_wconf 75' lang='lat' dir='ltr'><em>exegerit</em></span> <span class='ocrx_word' id='word_1_488' title='bbox 1392 2850 1519 2902; x_wconf 75' lang='lat' dir='ltr'><em>canonem</em></span> <span class='ocrx_word' id='word_1_489' title='bbox 1536 2830 1601 2886; x_wconf 87' lang='lat' dir='ltr'><em>anni</em></span> <span class='ocrx_word' id='word_1_490' title='bbox 1617 2819 1731 2898; x_wconf 80' lang='lat' dir='ltr'><em>quarti?</em></span> 
     </span>
     <span class='ocr_line' id='line_1_39' title="bbox 274 2895 1869 2973; baseline -0.014 0"><span class='ocrx_word' id='word_1_491' title='bbox 274 2897 367 2972; x_wconf 61' lang='lat' dir='ltr'><em>¹vulgo</em></span> <span class='ocrx_word' id='word_1_492' title='bbox 384 2897 547 2956; x_wconf 61' lang='lat' dir='ltr'><em>hfldemlum</em></span> <span class='ocrx_word' id='word_1_493' title='bbox 564 2898 675 2958; x_wconf 70' lang='lat' dir='ltr'><em>nester.</em></span> <span class='ocrx_word' id='word_1_494' title='bbox 1057 2897 1100 2973; x_wconf 79' lang='grc'><em>45.</em></span> <span class='ocrx_word' id='word_1_495' title='bbox 1118 2901 1167 2958; x_wconf 80' lang='lat' dir='ltr'><em>Ar</em></span> <span class='ocrx_word' id='word_1_496' title='bbox 1184 2899 1217 2963; x_wconf 71' lang='lat'>&amp;</span> <span class='ocrx_word' id='word_1_497' title='bbox 1235 2903 1367 2958; x_wconf 86' lang='lat' dir='ltr'><em>remisisse</em></span> <span class='ocrx_word' id='word_1_498' title='bbox 1383 2916 1531 2972; x_wconf 88' lang='lat' dir='ltr'><em>censeatur,</em></span> <span class='ocrx_word' id='word_1_499' title='bbox 1548 2902 1573 2955; x_wconf 91' lang='lat' dir='ltr'><em>si</em></span> <span class='ocrx_word' id='word_1_500' title='bbox 1590 2898 1698 2956; x_wconf 88' lang='lat' dir='ltr'><em>triennii</em></span> <span class='ocrx_word' id='word_1_501' title='bbox 1724 2895 1805 2950; x_wconf 47' lang='lat' dir='ltr'><em>solius&lt;</em></span> <span class='ocrx_word' id='word_1_502' title='bbox 1820 2913 1869 2950; x_wconf 64' lang='lat' dir='ltr'><em>ca-⁴</em></span> 
     </span>
     <span class='ocr_line' id='line_1_40' title="bbox 226 2963 1868 3043; baseline 0 -21"><span class='ocrx_word' id='word_1_503' title='bbox 226 2975 267 3033; x_wconf 78' lang='lat'><em>27·</em></span> <span class='ocrx_word' id='word_1_504' title='bbox 287 2965 337 3021; x_wconf 83' lang='lat' dir='ltr'><em>Cui</em></span> <span class='ocrx_word' id='word_1_505' title='bbox 354 2963 493 3023; x_wconf 83' lang='lat' dir='ltr'><em>laudemie</em></span> <span class='ocrx_word' id='word_1_506' title='bbox 507 2967 877 3035; x_wconf 65' lang='lat' dir='ltr'><em>prestandafflenunciatio</em></span> <span class='ocrx_word' id='word_1_507' title='bbox 886 2964 1027 3043; x_wconf 74' lang='lat' dir='ltr'><em>facienda,</em></span> <span class='ocrx_word' id='word_1_508' title='bbox 1125 2992 1220 3028; x_wconf 91' lang='lat' dir='ltr'><em>nonem</em></span> <span class='ocrx_word' id='word_1_509' title='bbox 1237 2973 1367 3041; x_wconf 89' lang='lat' dir='ltr'><em>receperis,</em></span> <span class='ocrx_word' id='word_1_510' title='bbox 1384 2974 1441 3027; x_wconf 93' lang='lat' dir='ltr'><em>sine</em></span> <span class='ocrx_word' id='word_1_511' title='bbox 1459 2967 1618 3028; x_wconf 87' lang='lat' dir='ltr'><em>caducitatis</em></span> <span class='ocrx_word' id='word_1_512' title='bbox 1637 2963 1868 3035; x_wconf 55' lang='lat' dir='ltr'><em>declarantem&amp;</em></span> 
     </span>
     <span class='ocr_line' id='line_1_41' title="bbox 293 3034 1740 3110; baseline -0.001 -15"><span class='ocrx_word' id='word_1_513' title='bbox 293 3037 318 3090; x_wconf 77' lang='lat' dir='ltr'><em>ti</em></span> <span class='ocrx_word' id='word_1_514' title='bbox 333 3034 500 3107; x_wconf 81' lang='lat' dir='ltr'><em>emphyteuta</em></span> <span class='ocrx_word' id='word_1_515' title='bbox 518 3057 564 3107; x_wconf 81' lang='lat' dir='ltr'><em>pes</em></span> <span class='ocrx_word' id='word_1_516' title='bbox 586 3052 757 3099; x_wconf 82' lang='lat' dir='ltr'><em>contractum</em></span> <span class='ocrx_word' id='word_1_517' title='bbox 783 3039 945 3098; x_wconf 76' lang='lat' dir='ltr'><em>libellariam</em></span> <span class='ocrx_word' id='word_1_518' title='bbox 970 3055 1027 3092; x_wconf 85' lang='lat' dir='ltr'><em>etn-</em></span> <span class='ocrx_word' id='word_1_519' title='bbox 1127 3061 1166 3096; x_wconf 85' lang='lat' dir='ltr'><em>on</em></span> <span class='ocrx_word' id='word_1_520' title='bbox 1180 3055 1270 3110; x_wconf 88' lang='lat' dir='ltr'><em>posteo</em></span> <span class='ocrx_word' id='word_1_521' title='bbox 1287 3041 1470 3098; x_wconf 88' lang='lat' dir='ltr'><em>caducitatem</em></span> <span class='ocrx_word' id='word_1_522' title='bbox 1487 3038 1625 3097; x_wconf 86' lang='lat' dir='ltr'><em>declarare</em></span> <span class='ocrx_word' id='word_1_523' title='bbox 1641 3035 1740 3108; x_wconf 85' lang='lat' dir='ltr'><em>possit?</em></span> 
     </span>
     <span class='ocr_line' id='line_1_42' title="bbox 289 3101 1867 3185; baseline 0.002 -25"><span class='ocrx_word' id='word_1_524' title='bbox 289 3103 425 3176; x_wconf 77' lang='lat' dir='ltr'><em>phystctssin</em></span> <span class='ocrx_word' id='word_1_525' title='bbox 442 3103 590 3178; x_wconf 51' lang='lat' dir='ltr'><em>dederim&amp;</em></span> <span class='ocrx_word' id='word_1_526' title='bbox 600 3108 727 3168; x_wconf 87' lang='lat' dir='ltr'><em>sesundus</em></span> <span class='ocrx_word' id='word_1_527' title='bbox 739 3111 904 3184; x_wconf 81' lang='lat' dir='ltr'><em>emphyteuta</em></span> <span class='ocrx_word' id='word_1_528' title='bbox 913 3101 1028 3167; x_wconf 81' lang='lat' dir='ltr'><em>alienet?</em></span> <span class='ocrx_word' id='word_1_529' title='bbox 1055 3109 1099 3180; x_wconf 89' lang='grc'><em>44.</em></span> <span class='ocrx_word' id='word_1_530' title='bbox 1118 3113 1166 3168; x_wconf 83' lang='lat' dir='ltr'><em>An</em></span> <span class='ocrx_word' id='word_1_531' title='bbox 1183 3113 1266 3169; x_wconf 90' lang='lat' dir='ltr'><em>tacite</em></span> <span class='ocrx_word' id='word_1_532' title='bbox 1278 3111 1335 3185; x_wconf 85' lang='lat' dir='ltr'><em>fiat</em></span> <span class='ocrx_word' id='word_1_533' title='bbox 1353 3113 1472 3170; x_wconf 89' lang='lat' dir='ltr'><em>remissio</em></span> <span class='ocrx_word' id='word_1_534' title='bbox 1484 3125 1561 3178; x_wconf 81' lang='lat' dir='ltr'><em>pane</em></span> <span class='ocrx_word' id='word_1_535' title='bbox 1572 3112 1715 3178; x_wconf 83' lang='lat' dir='ltr'><em>commissi,</em></span> <span class='ocrx_word' id='word_1_536' title='bbox 1728 3123 1788 3164; x_wconf 86' lang='lat' dir='ltr'><em>cutes</em></span> <span class='ocrx_word' id='word_1_537' title='bbox 1808 3104 1867 3163; x_wconf 80' lang='lat' dir='ltr'><em>alia</em></span> 
     </span>
     <span class='ocr_line' id='line_1_43' title="bbox 221 3165 1867 3260; baseline -0.005 -21"><span class='ocrx_word' id='word_1_538' title='bbox 221 3165 262 3239; x_wconf 61' lang='lat'><em>³8·</em></span> <span class='ocrx_word' id='word_1_539' title='bbox 282 3173 333 3260; x_wconf 77' lang='lat' dir='ltr'><em>Ad</em></span> <span class='ocrx_word' id='word_1_540' title='bbox 346 3175 413 3245; x_wconf 75' lang='lat' dir='ltr'><em>tttt&#39;d</em></span> <span class='ocrx_word' id='word_1_541' title='bbox 425 3192 546 3234; x_wconf 85' lang='lat' dir='ltr'><em>teneatur</em></span> <span class='ocrx_word' id='word_1_542' title='bbox 564 3179 746 3253; x_wconf 73' lang='lat' dir='ltr'><em>emphyteuta,</em></span> <span class='ocrx_word' id='word_1_543' title='bbox 779 3183 799 3255; x_wconf 67' lang='lat' dir='ltr'><em>‘l</em></span> <span class='ocrx_word' id='word_1_544' title='bbox 818 3179 891 3253; x_wconf 84' lang='lat' dir='ltr'><em>apud</em></span> <span class='ocrx_word' id='word_1_545' title='bbox 903 3197 1027 3241; x_wconf 79' lang='lat' dir='ltr'><em>emtoram</em></span> <span class='ocrx_word' id='word_1_546' title='bbox 1121 3195 1194 3250; x_wconf 86' lang='lat' dir='ltr'><em>patna</em></span> <span class='ocrx_word' id='word_1_547' title='bbox 1211 3183 1413 3240; x_wconf 85' lang='lat' dir='ltr'><em>conventionalis</em></span> <span class='ocrx_word' id='word_1_548' title='bbox 1430 3181 1458 3237; x_wconf 91' lang='lat' dir='ltr'><em>in</em></span> <span class='ocrx_word' id='word_1_549' title='bbox 1475 3200 1570 3239; x_wconf 87' lang='lat' dir='ltr'><em>casum</em></span> <span class='ocrx_word' id='word_1_550' title='bbox 1586 3174 1650 3236; x_wconf 82' lang='lat' dir='ltr'><em>ron&#39;</em></span> <span class='ocrx_word' id='word_1_551' title='bbox 1664 3179 1743 3236; x_wconf 87' lang='lat' dir='ltr'><em>soluti</em></span> <span class='ocrx_word' id='word_1_552' title='bbox 1759 3179 1867 3233; x_wconf 79' lang='lat' dir='ltr'><em>canonis</em></span> 
     </span>
     <span class='ocr_line' id='line_1_44' title="bbox 295 3242 1670 3322; baseline 0.006 -22"><span class='ocrx_word' id='word_1_553' title='bbox 295 3242 506 3304; x_wconf 82' lang='lat' dir='ltr'><em>dsssisnuleveric</em></span> <span class='ocrx_word' id='word_1_554' title='bbox 524 3246 818 3316; x_wconf 77' lang='lat' dir='ltr'><em>laudemierumonus‘?</em></span> <span class='ocrx_word' id='word_1_555' title='bbox 1123 3255 1239 3322; x_wconf 86' lang='lat' dir='ltr'><em>apposita</em></span> <span class='ocrx_word' id='word_1_556' title='bbox 1257 3247 1322 3307; x_wconf 74' lang='lat' dir='ltr'><em>est!</em></span> <span class='ocrx_word' id='word_1_557' title='bbox 1665 3299 1670 3308; x_wconf 94' lang='grc'><em>,</em></span> 
     </span>
     <span class='ocr_line' id='line_1_45' title="bbox 221 3315 1869 3393; baseline -0.001 -24"><span class='ocrx_word' id='word_1_558' title='bbox 221 3323 266 3382; x_wconf 73' lang='lat'><em>29.</em></span> <span class='ocrx_word' id='word_1_559' title='bbox 283 3316 333 3370; x_wconf 83' lang='lat' dir='ltr'><em>An</em></span> <span class='ocrx_word' id='word_1_560' title='bbox 349 3319 376 3372; x_wconf 87' lang='lat' dir='ltr'><em>si</em></span> <span class='ocrx_word' id='word_1_561' title='bbox 386 3331 459 3386; x_wconf 76' lang='lat' dir='ltr'><em>prena</em></span> <span class='ocrx_word' id='word_1_562' title='bbox 483 3315 608 3376; x_wconf 83' lang='lat' dir='ltr'><em>deleatur</em></span> <span class='ocrx_word' id='word_1_563' title='bbox 634 3319 664 3374; x_wconf 88' lang='lat' dir='ltr'><em>ab</em></span> <span class='ocrx_word' id='word_1_564' title='bbox 691 3341 795 3377; x_wconf 87' lang='lat' dir='ltr'><em>moram</em></span> <span class='ocrx_word' id='word_1_565' title='bbox 821 3324 850 3378; x_wconf 89' lang='lat' dir='ltr'><em>in</em></span> <span class='ocrx_word' id='word_1_566' title='bbox 873 3319 1026 3388; x_wconf 84' lang='lat' dir='ltr'><em>prestandis</em></span> <span class='ocrx_word' id='word_1_567' title='bbox 1055 3319 1100 3393; x_wconf 85' lang='grc'><em>45.</em></span> <span class='ocrx_word' id='word_1_568' title='bbox 1118 3324 1166 3380; x_wconf 83' lang='grc' dir='ltr'><em>Λνι</em></span> <span class='ocrx_word' id='word_1_569' title='bbox 1184 3321 1214 3378; x_wconf 86' lang='lat' dir='ltr'><em>oh</em></span> <span class='ocrx_word' id='word_1_570' title='bbox 1231 3342 1282 3378; x_wconf 92' lang='lat' dir='ltr'><em>non</em></span> <span class='ocrx_word' id='word_1_571' title='bbox 1299 3320 1603 3389; x_wconf 87' lang='lat' dir='ltr'><em>solutumcanonemjses</em></span> <span class='ocrx_word' id='word_1_572' title='bbox 1620 3315 1869 3383; x_wconf 87' lang='lat' dir='ltr'><em>commissiperhe-</em></span> 
     </span>
     <span class='ocr_line' id='line_1_46' title="bbox 294 3383 1865 3464; baseline 0 -24"><span class='ocrx_word' id='word_1_573' title='bbox 294 3384 445 3458; x_wconf 86' lang='lat' dir='ltr'><em>laudemiis,</em></span> <span class='ocrx_word' id='word_1_574' title='bbox 462 3391 546 3444; x_wconf 86' lang='lat' dir='ltr'><em>etiam</em></span> <span class='ocrx_word' id='word_1_575' title='bbox 564 3391 709 3464; x_wconf 71' lang='lat' dir='ltr'><em>ignorantes</em></span> <span class='ocrx_word' id='word_1_576' title='bbox 729 3395 756 3448; x_wconf 88' lang='lat' dir='ltr'><em>t&#39;n</em></span> <span class='ocrx_word' id='word_1_577' title='bbox 774 3411 835 3448; x_wconf 90' lang='lat' dir='ltr'><em>eam</em></span> <span class='ocrx_word' id='word_1_578' title='bbox 854 3387 1001 3448; x_wconf 82' lang='lat' dir='ltr'><em>incidant?</em></span> <span class='ocrx_word' id='word_1_579' title='bbox 1124 3391 1213 3450; x_wconf 88' lang='lat' dir='ltr'><em>eedem</em></span> <span class='ocrx_word' id='word_1_580' title='bbox 1231 3408 1281 3450; x_wconf 89' lang='lat' dir='ltr'><em>aut</em></span> <span class='ocrx_word' id='word_1_581' title='bbox 1298 3408 1389 3450; x_wconf 86' lang='lat' dir='ltr'><em>contra</em></span> <span class='ocrx_word' id='word_1_582' title='bbox 1399 3391 1525 3449; x_wconf 81' lang='lat' dir='ltr'><em>heredem</em></span> <span class='ocrx_word' id='word_1_583' title='bbox 1542 3383 1654 3445; x_wconf 86' lang='lat' dir='ltr'><em>esierseri</em></span> <span class='ocrx_word' id='word_1_584' title='bbox 1670 3390 1759 3456; x_wconf 86' lang='lat' dir='ltr'><em>pessit,</em></span> <span class='ocrx_word' id='word_1_585' title='bbox 1777 3386 1800 3440; x_wconf 96' lang='lat' dir='ltr'><em>si</em></span> <span class='ocrx_word' id='word_1_586' title='bbox 1817 3383 1865 3438; x_wconf 89' lang='lat' dir='ltr'><em>de-</em></span> 
     </span>
     <span class='ocr_line' id='line_1_47' title="bbox 223 3447 1865 3536; baseline -0.002 -26"><span class='ocrx_word' id='word_1_587' title='bbox 223 3447 269 3510; x_wconf 70' lang='grc'><em>50.</em></span> <span class='ocrx_word' id='word_1_588' title='bbox 282 3453 312 3514; x_wconf 84' lang='lat' dir='ltr'><em>Si</em></span> <span class='ocrx_word' id='word_1_589' title='bbox 329 3456 488 3528; x_wconf 77' lang='lat' dir='ltr'><em>emphyteusi</em></span> <span class='ocrx_word' id='word_1_590' title='bbox 505 3457 604 3518; x_wconf 90' lang='lat' dir='ltr'><em>reditus</em></span> <span class='ocrx_word' id='word_1_591' title='bbox 621 3481 727 3518; x_wconf 90' lang='lat' dir='ltr'><em>annuus</em></span> <span class='ocrx_word' id='word_1_592' title='bbox 752 3465 788 3518; x_wconf 93' lang='lat' dir='ltr'><em>sit</em></span> <span class='ocrx_word' id='word_1_593' title='bbox 815 3463 967 3535; x_wconf 86' lang='lat' dir='ltr'><em>impositus,</em></span> <span class='ocrx_word' id='word_1_594' title='bbox 992 3460 1026 3524; x_wconf 60' lang='grc' dir='ltr'><em>(τ</em></span> <span class='ocrx_word' id='word_1_595' title='bbox 1117 3460 1234 3536; x_wconf 75' lang='lat' dir='ltr'><em>funhius</em></span> <span class='ocrx_word' id='word_1_596' title='bbox 1251 3483 1302 3520; x_wconf 92' lang='lat' dir='ltr'><em>non</em></span> <span class='ocrx_word' id='word_1_597' title='bbox 1329 3462 1503 3520; x_wconf 80' lang='lat' dir='ltr'><em>declaraverit</em></span> <span class='ocrx_word' id='word_1_598' title='bbox 1530 3455 1662 3516; x_wconf 82' lang='lat' dir='ltr'><em>avocandi</em></span> <span class='ocrx_word' id='word_1_599' title='bbox 1689 3454 1865 3524; x_wconf 81' lang='lat' dir='ltr'><em>voluntatem,</em></span> 
     </span>
     <span class='ocr_line' id='line_1_48' title="bbox 290 3517 1808 3652; baseline 0.001 -68"><span class='ocrx_word' id='word_1_600' title='bbox 290 3525 461 3652; x_wconf 49' lang='lat' dir='ltr'><em>enyhyteusis</em></span> <span class='ocrx_word' id='word_1_601' title='bbox 479 3530 610 3590; x_wconf 80' lang='lat' dir='ltr'><em>vendatur</em></span> <span class='ocrx_word' id='word_1_602' title='bbox 626 3549 687 3590; x_wconf 86' lang='lat' dir='ltr'><em>cum</em></span> <span class='ocrx_word' id='word_1_603' title='bbox 705 3531 749 3589; x_wconf 86' lang='lat' dir='ltr'><em>r&#39;llo</em></span> <span class='ocrx_word' id='word_1_604' title='bbox 766 3531 864 3589; x_wconf 89' lang='lat' dir='ltr'><em>reditus</em></span> <span class='ocrx_word' id='word_1_605' title='bbox 880 3553 1025 3604; x_wconf 88' lang='lat' dir='ltr'><em>onere,sors</em></span> <span class='ocrx_word' id='word_1_606' title='bbox 1123 3550 1172 3592; x_wconf 86' lang='lat' dir='ltr'><em>aut</em></span> <span class='ocrx_word' id='word_1_607' title='bbox 1191 3554 1226 3589; x_wconf 89' lang='lat' dir='ltr'><em>ea</em></span> <span class='ocrx_word' id='word_1_608' title='bbox 1242 3550 1334 3590; x_wconf 88' lang='lat' dir='ltr'><em>contra</em></span> <span class='ocrx_word' id='word_1_609' title='bbox 1351 3528 1506 3606; x_wconf 76' lang='lat' dir='ltr'><em>defunhium</em></span> <span class='ocrx_word' id='word_1_610' title='bbox 1523 3527 1661 3586; x_wconf 80' lang='lat' dir='ltr'><em>declarata</em></span> <span class='ocrx_word' id='word_1_611' title='bbox 1678 3542 1729 3580; x_wconf 80' lang='lat' dir='ltr'><em>nott</em></span> <span class='ocrx_word' id='word_1_612' title='bbox 1746 3517 1808 3580; x_wconf 74' lang='lat' dir='ltr'><em>tt&#39;t?</em></span> 
     </span>
     <span class='ocr_line' id='line_1_49' title="bbox 289 3595 1866 3678; baseline -0.003 -26"><span class='ocrx_word' id='word_1_613' title='bbox 289 3617 317 3652; x_wconf 91' lang='lat' dir='ltr'><em>re</em></span> <span class='ocrx_word' id='word_1_614' title='bbox 335 3601 388 3655; x_wconf 89' lang='lat' dir='ltr'><em>itus</em></span> <span class='ocrx_word' id='word_1_615' title='bbox 405 3603 482 3657; x_wconf 90' lang='lat' dir='ltr'><em>istius</em></span> <span class='ocrx_word' id='word_1_616' title='bbox 497 3605 579 3669; x_wconf 91' lang='lat' dir='ltr'><em>pretio</em></span> <span class='ocrx_word' id='word_1_617' title='bbox 596 3600 663 3659; x_wconf 90' lang='lat' dir='ltr'><em>addi</em></span> <span class='ocrx_word' id='word_1_618' title='bbox 679 3599 775 3677; x_wconf 78' lang='lat' dir='ltr'><em>deber,</em></span> <span class='ocrx_word' id='word_1_619' title='bbox 794 3604 1024 3678; x_wconf 72' lang='lat' dir='ltr'><em>ut&#39;quinpuagesi·</em></span> <span class='ocrx_word' id='word_1_620' title='bbox 1054 3603 1098 3676; x_wconf 80' lang='grc'><em>46.</em></span> <span class='ocrx_word' id='word_1_621' title='bbox 1120 3605 1168 3660; x_wconf 85' lang='lat' dir='ltr'><em>An</em></span> <span class='ocrx_word' id='word_1_622' title='bbox 1184 3602 1215 3659; x_wconf 87' lang='lat' dir='ltr'><em>oh</em></span> <span class='ocrx_word' id='word_1_623' title='bbox 1233 3606 1359 3677; x_wconf 82' lang='lat' dir='ltr'><em>insignem</em></span> <span class='ocrx_word' id='word_1_624' title='bbox 1376 3601 1602 3659; x_wconf 85' lang='lat' dir='ltr'><em>deteriorationem</em></span> <span class='ocrx_word' id='word_1_625' title='bbox 1619 3617 1652 3654; x_wconf 91' lang='lat' dir='ltr'><em>ac</em></span> <span class='ocrx_word' id='word_1_626' title='bbox 1678 3595 1866 3663; x_wconf 89' lang='lat' dir='ltr'><em>corruptionem</em></span> 
     </span>
     <span class='ocr_line' id='line_1_50' title="bbox 292 3664 1864 3745; baseline 0.002 -23"><span class='ocrx_word' id='word_1_627' title='bbox 292 3685 341 3722; x_wconf 82' lang='lat' dir='ltr'><em>me</em></span> <span class='ocrx_word' id='word_1_628' title='bbox 360 3671 429 3725; x_wconf 85' lang='lat' dir='ltr'><em>ratio</em></span> <span class='ocrx_word' id='word_1_629' title='bbox 447 3673 569 3726; x_wconf 80' lang='lat' dir='ltr'><em>ineatur.</em></span> <span class='ocrx_word' id='word_1_630' title='bbox 712 3699 716 3710; x_wconf 44' lang='grc' dir='ltr'><strong><em>ι</em></strong></span> <span class='ocrx_word' id='word_1_631' title='bbox 1122 3672 1178 3729; x_wconf 90' lang='lat' dir='ltr'><em>dolo</em></span> <span class='ocrx_word' id='word_1_632' title='bbox 1195 3675 1268 3730; x_wconf 86' lang='lat' dir='ltr'><em>malo</em></span> <span class='ocrx_word' id='word_1_633' title='bbox 1285 3674 1329 3731; x_wconf 85' lang='lat' dir='ltr'><em>orl</em></span> <span class='ocrx_word' id='word_1_634' title='bbox 1343 3667 1489 3738; x_wconf 64' lang='lat' dir='ltr'><em>manifesto</em></span> <span class='ocrx_word' id='word_1_635' title='bbox 1500 3670 1567 3745; x_wconf 30' lang='lat' dir='ltr'><em>&#39;lata</em></span> <span class='ocrx_word' id='word_1_636' title='bbox 1593 3669 1670 3738; x_wconf 88' lang='lat' dir='ltr'><em>culpa</em></span> <span class='ocrx_word' id='word_1_637' title='bbox 1696 3664 1864 3735; x_wconf 67' lang='lat' dir='ltr'><em>emphyteuta</em></span> 
     </span>
     <span class='ocr_line' id='line_1_51' title="bbox 218 3731 1866 3816; baseline -0.001 -25"><span class='ocrx_word' id='word_1_638' title='bbox 218 3731 261 3792; x_wconf 77' lang='lat'><em>51.</em></span> <span class='ocrx_word' id='word_1_639' title='bbox 281 3737 329 3792; x_wconf 87' lang='lat' dir='ltr'><em>An</em></span> <span class='ocrx_word' id='word_1_640' title='bbox 346 3737 482 3808; x_wconf 84' lang='lat' dir='ltr'><em>duplicata</em></span> <span class='ocrx_word' id='word_1_641' title='bbox 499 3740 638 3798; x_wconf 89' lang='lat' dir='ltr'><em>laudemia</em></span> <span class='ocrx_word' id='word_1_642' title='bbox 655 3741 779 3799; x_wconf 82' lang='lat' dir='ltr'><em>solvenda</em></span> <span class='ocrx_word' id='word_1_643' title='bbox 797 3746 848 3800; x_wconf 86' lang='lat' dir='ltr'><em>tint</em></span> <span class='ocrx_word' id='word_1_644' title='bbox 881 3747 906 3798; x_wconf 91' lang='lat' dir='ltr'><em>si</em></span> <span class='ocrx_word' id='word_1_645' title='bbox 920 3742 1024 3816; x_wconf 87' lang='lat' dir='ltr'><em>emphy·</em></span> <span class='ocrx_word' id='word_1_646' title='bbox 1113 3740 1228 3813; x_wconf 75' lang='lat' dir='ltr'><em>fallam</em></span> <span class='ocrx_word' id='word_1_647' title='bbox 1246 3746 1331 3800; x_wconf 88' lang='lat' dir='ltr'><em>etiam</em></span> <span class='ocrx_word' id='word_1_648' title='bbox 1349 3743 1474 3799; x_wconf 89' lang='lat' dir='ltr'><em>secularis</em></span> <span class='ocrx_word' id='word_1_649' title='bbox 1484 3739 1654 3812; x_wconf 74' lang='lat' dir='ltr'><em>emphyteusis</em></span> <span class='ocrx_word' id='word_1_650' title='bbox 1672 3733 1759 3794; x_wconf 61' lang='lat' dir='ltr'><em>admi</em></span> <span class='ocrx_word' id='word_1_651' title='bbox 1774 3733 1866 3808; x_wconf 72' lang='lat' dir='ltr'><em>possit?</em></span> 
     </span>
     <span class='ocr_line' id='line_1_52' title="bbox 286 3782 1866 3886; baseline 0 -24"><span class='ocrx_word' id='word_1_652' title='bbox 286 3809 369 3863; x_wconf 82' lang='lat' dir='ltr'><em>trusis</em></span> <span class='ocrx_word' id='word_1_653' title='bbox 387 3809 572 3868; x_wconf 86' lang='lat' dir='ltr'><em>venditatum</em></span> <span class='ocrx_word' id='word_1_654' title='bbox 589 3811 665 3880; x_wconf 78' lang='lat' dir='ltr'><em>pollo</em></span> <span class='ocrx_word' id='word_1_655' title='bbox 682 3782 1024 3886; x_wconf 84' lang='lat' dir='ltr'><em>deretrovendendo,postea</em></span> <span class='ocrx_word' id='word_1_656' title='bbox 1052 3809 1096 3885; x_wconf 83' lang='grc'><em>47.</em></span> <span class='ocrx_word' id='word_1_657' title='bbox 1114 3814 1219 3874; x_wconf 88' lang='lat' dir='ltr'><em>Finitus</em></span> <span class='ocrx_word' id='word_1_658' title='bbox 1237 3820 1321 3872; x_wconf 89' lang='lat' dir='ltr'><em>esiam</em></span> <span class='ocrx_word' id='word_1_659' title='bbox 1344 3814 1538 3884; x_wconf 81' lang='lat' dir='ltr'><em>prascriptione.</em></span> <span class='ocrx_word' id='word_1_660' title='bbox 1555 3812 1615 3868; x_wconf 87' lang='lat' dir='ltr'><em>Non</em></span> <span class='ocrx_word' id='word_1_661' title='bbox 1642 3824 1734 3865; x_wconf 84' lang='lat' dir='ltr'><em>tamer</em></span> <span class='ocrx_word' id='word_1_662' title='bbox 1750 3808 1866 3875; x_wconf 81' lang='lat' dir='ltr'><em>prescri-</em></span> 
     </span>
     <span class='ocr_line' id='line_1_53' title="bbox 219 3875 1864 3960; baseline 0.002 -32"><span class='ocrx_word' id='word_1_663' title='bbox 219 3937 236 3960; x_wconf 46' lang='grc' dir='ltr'>Η</span> <span class='ocrx_word' id='word_1_664' title='bbox 288 3889 332 3942; x_wconf 88' lang='lat' dir='ltr'><em>per</em></span> <span class='ocrx_word' id='word_1_665' title='bbox 350 3878 511 3934; x_wconf 83' lang='lat' dir='ltr'><em>uenditorem</em></span> <span class='ocrx_word' id='word_1_666' title='bbox 530 3875 704 3939; x_wconf 80' lang='lat' dir='ltr'><em>redimatur?</em></span> <span class='ocrx_word' id='word_1_667' title='bbox 1120 3889 1202 3956; x_wconf 91' lang='lat' dir='ltr'><em>psisse</em></span> <span class='ocrx_word' id='word_1_668' title='bbox 1219 3901 1346 3955; x_wconf 89' lang='lat' dir='ltr'><em>censetur,</em></span> <span class='ocrx_word' id='word_1_669' title='bbox 1372 3885 1418 3956; x_wconf 87' lang='lat' dir='ltr'><em>qui</em></span> <span class='ocrx_word' id='word_1_670' title='bbox 1434 3899 1543 3940; x_wconf 88' lang='lat' dir='ltr'><em>tantum</em></span> <span class='ocrx_word' id='word_1_671' title='bbox 1570 3881 1683 3938; x_wconf 83' lang='lat' dir='ltr'><em>cessauit</em></span> <span class='ocrx_word' id='word_1_672' title='bbox 1709 3881 1738 3934; x_wconf 89' lang='lat' dir='ltr'><em>in</em></span> <span class='ocrx_word' id='word_1_673' title='bbox 1755 3879 1864 3934; x_wconf 63' lang='lat' dir='ltr'><em>canona</em></span> 
     </span>
     <span class='ocr_line' id='line_1_54' title="bbox 219 3945 1864 4028; baseline 0.001 -26"><span class='ocrx_word' id='word_1_674' title='bbox 219 3955 262 3998; x_wconf 67' lang='lat'><em>02»</em></span> <span class='ocrx_word' id='word_1_675' title='bbox 281 3945 360 4018; x_wconf 75' lang='lat' dir='ltr'><em>Quid</em></span> <span class='ocrx_word' id='word_1_676' title='bbox 368 3947 442 4028; x_wconf 82' lang='lat' dir='ltr'><em>juris</em></span> <span class='ocrx_word' id='word_1_677' title='bbox 460 3952 494 4004; x_wconf 91' lang='lat' dir='ltr'><em>sit</em></span> <span class='ocrx_word' id='word_1_678' title='bbox 522 3953 592 4004; x_wconf 90' lang='lat' dir='ltr'><em>circa</em></span> <span class='ocrx_word' id='word_1_679' title='bbox 620 3950 776 4024; x_wconf 69' lang='lat' dir='ltr'><em>laudanda,</em></span> <span class='ocrx_word' id='word_1_680' title='bbox 804 3955 829 4010; x_wconf 92' lang='lat' dir='ltr'><em>si</em></span> <span class='ocrx_word' id='word_1_681' title='bbox 853 3953 1023 4022; x_wconf 85' lang='lat' dir='ltr'><em>emphyteusis</em></span> <span class='ocrx_word' id='word_1_682' title='bbox 1122 3955 1245 4012; x_wconf 91' lang='lat' dir='ltr'><em>solutione</em></span> <span class='ocrx_word' id='word_1_683' title='bbox 1259 3971 1305 4026; x_wconf 87' lang='lat' dir='ltr'><em>per</em></span> <span class='ocrx_word' id='word_1_684' title='bbox 1323 3970 1423 4024; x_wconf 91' lang='lat' dir='ltr'><em>tempus</em></span> <span class='ocrx_word' id='word_1_685' title='bbox 1440 3954 1626 4023; x_wconf 65' lang='lat' dir='ltr'><em>prescriptum·</em></span> <span class='ocrx_word' id='word_1_686' title='bbox 1634 3952 1822 4016; x_wconf 89' lang='lat' dir='ltr'><em>necessarium,</em></span> <span class='ocrx_word' id='word_1_687' title='bbox 1840 3949 1864 4002; x_wconf 87' lang='lat' dir='ltr'><em>si</em></span> 
     </span>
     <span class='ocr_line' id='line_1_55' title="bbox 287 4007 1861 4098; baseline 0.003 -27"><span class='ocrx_word' id='word_1_688' title='bbox 287 4007 396 4098; x_wconf 65' lang='lat' dir='ltr'><em>vendita</em></span> <span class='ocrx_word' id='word_1_689' title='bbox 414 4018 580 4076; x_wconf 77' lang='lat' dir='ltr'><em>redhibeatur</em></span> <span class='ocrx_word' id='word_1_690' title='bbox 597 4019 629 4077; x_wconf 88' lang='lat' dir='ltr'><em>oh</em></span> <span class='ocrx_word' id='word_1_691' title='bbox 645 4025 752 4094; x_wconf 82' lang='lat' dir='ltr'><em>vitium,</em></span> <span class='ocrx_word' id='word_1_692' title='bbox 769 4023 815 4079; x_wconf 86' lang='lat' dir='ltr'><em>vel</em></span> <span class='ocrx_word' id='word_1_693' title='bbox 828 4019 915 4080; x_wconf 86' lang='lat' dir='ltr'><em>redeat</em></span> <span class='ocrx_word' id='word_1_694' title='bbox 931 4023 1022 4079; x_wconf 79' lang='lat' dir='ltr'><em>exad-</em></span> <span class='ocrx_word' id='word_1_695' title='bbox 1121 4043 1172 4080; x_wconf 89' lang='lat' dir='ltr'><em>non</em></span> <span class='ocrx_word' id='word_1_696' title='bbox 1189 4026 1254 4082; x_wconf 77' lang='lat' dir='ltr'><em>ahiu</em></span> <span class='ocrx_word' id='word_1_697' title='bbox 1270 4026 1357 4096; x_wconf 84' lang='lat' dir='ltr'><em>aliquo</em></span> <span class='ocrx_word' id='word_1_698' title='bbox 1376 4043 1431 4080; x_wconf 89' lang='lat' dir='ltr'><em>sese</em></span> <span class='ocrx_word' id='word_1_699' title='bbox 1454 4040 1500 4094; x_wconf 91' lang='lat' dir='ltr'><em>pro</em></span> <span class='ocrx_word' id='word_1_700' title='bbox 1516 4021 1622 4079; x_wconf 86' lang='lat' dir='ltr'><em>domino</em></span> <span class='ocrx_word' id='word_1_701' title='bbox 1645 4020 1720 4090; x_wconf 85' lang='lat' dir='ltr'><em>pleno</em></span> <span class='ocrx_word' id='word_1_702' title='bbox 1761 4018 1861 4074; x_wconf 86' lang='lat' dir='ltr'><em>esteris.</em></span> 
     </span>
     <span class='ocr_line' id='line_1_56' title="bbox 286 4083 1864 4167; baseline 0.004 -31"><span class='ocrx_word' id='word_1_703' title='bbox 286 4083 398 4144; x_wconf 78' lang='lat' dir='ltr'><em>dsciiotte</em></span> <span class='ocrx_word' id='word_1_704' title='bbox 415 4093 444 4146; x_wconf 89' lang='lat' dir='ltr'><em>in</em></span> <span class='ocrx_word' id='word_1_705' title='bbox 460 4090 531 4148; x_wconf 88' lang='lat' dir='ltr'><em>diem</em></span> <span class='ocrx_word' id='word_1_706' title='bbox 550 4089 593 4147; x_wconf 85' lang='lat' dir='ltr'><em>vel</em></span> <span class='ocrx_word' id='word_1_707' title='bbox 607 4093 659 4167; x_wconf 84' lang='lat' dir='ltr'><em>lege</em></span> <span class='ocrx_word' id='word_1_708' title='bbox 684 4095 889 4165; x_wconf 81' lang='lat' dir='ltr'><em>commissario,</em></span> <span class='ocrx_word' id='word_1_709' title='bbox 917 4095 960 4152; x_wconf 85' lang='lat' dir='ltr'><em>uel</em></span> <span class='ocrx_word' id='word_1_710' title='bbox 983 4115 1022 4150; x_wconf 76' lang='lat' dir='ltr'><em>re·</em></span> <span class='ocrx_word' id='word_1_711' title='bbox 1051 4089 1093 4162; x_wconf 82' lang='grc'><em>43.</em></span> <span class='ocrx_word' id='word_1_712' title='bbox 1109 4093 1158 4150; x_wconf 84' lang='lat' dir='ltr'><em>An</em></span> <span class='ocrx_word' id='word_1_713' title='bbox 1175 4093 1297 4152; x_wconf 88' lang='lat' dir='ltr'><em>dominus</em></span> <span class='ocrx_word' id='word_1_714' title='bbox 1314 4093 1429 4152; x_wconf 77' lang='lat' dir='ltr'><em>directus</em></span> <span class='ocrx_word' id='word_1_715' title='bbox 1455 4113 1567 4150; x_wconf 73' lang='lat' dir='ltr'><em>nouare</em></span> <span class='ocrx_word' id='word_1_716' title='bbox 1591 4092 1670 4162; x_wconf 87' lang='lat' dir='ltr'><em>possit</em></span> <span class='ocrx_word' id='word_1_717' title='bbox 1687 4103 1744 4158; x_wconf 88' lang='lat' dir='ltr'><em>emp</em></span> <span class='ocrx_word' id='word_1_718' title='bbox 1776 4091 1864 4145; x_wconf 78' lang='lat' dir='ltr'><em>teust&#39;ts</em></span> 
     </span>
     <span class='ocr_line' id='line_1_57' title="bbox 234 4155 1862 4244; baseline 0.002 -32"><span class='ocrx_word' id='word_1_719' title='bbox 234 4214 250 4232; x_wconf 40' lang='grc' dir='ltr'><strong>ρ</strong></span> <span class='ocrx_word' id='word_1_720' title='bbox 290 4155 393 4239; x_wconf 66' lang='lat' dir='ltr'><em>stadius</em></span> <span class='ocrx_word' id='word_1_721' title='bbox 405 4155 486 4244; x_wconf 69' lang='lat' dir='ltr'><em>fiat?</em></span> <span class='ocrx_word' id='word_1_722' title='bbox 503 4164 653 4218; x_wconf 81' lang='lat' dir='ltr'><em>remissive.</em></span> <span class='ocrx_word' id='word_1_723' title='bbox 1119 4161 1149 4220; x_wconf 91' lang='lat' dir='ltr'><em>oh</em></span> <span class='ocrx_word' id='word_1_724' title='bbox 1167 4164 1386 4238; x_wconf 83' lang='lat' dir='ltr'><em>ingratitudinem</em></span> <span class='ocrx_word' id='word_1_725' title='bbox 1403 4165 1584 4236; x_wconf 83' lang='lat' dir='ltr'><em>emphyteuta,</em></span> <span class='ocrx_word' id='word_1_726' title='bbox 1604 4161 1647 4219; x_wconf 83' lang='lat' dir='ltr'><em>vel</em></span> <span class='ocrx_word' id='word_1_727' title='bbox 1662 4163 1726 4232; x_wconf 84' lang='lat' dir='ltr'><em>quia</em></span> <span class='ocrx_word' id='word_1_728' title='bbox 1744 4180 1772 4216; x_wconf 91' lang='lat' dir='ltr'><em>re</em></span> <span class='ocrx_word' id='word_1_729' title='bbox 1790 4157 1862 4218; x_wconf 88' lang='lat' dir='ltr'><em>indi-</em></span> 
     </span>
     <span class='ocr_line' id='line_1_58' title="bbox 214 4215 1442 4308; baseline 0.002 -20"><span class='ocrx_word' id='word_1_730' title='bbox 214 4215 258 4288; x_wconf 56' lang='lat'><em>52·</em></span> <span class='ocrx_word' id='word_1_731' title='bbox 278 4222 307 4278; x_wconf 86' lang='lat' dir='ltr'><em>St</em></span> <span class='ocrx_word' id='word_1_732' title='bbox 322 4241 416 4284; x_wconf 76' lang='lat' dir='ltr'><em>emtore</em></span> <span class='ocrx_word' id='word_1_733' title='bbox 433 4229 621 4302; x_wconf 77' lang='lat' dir='ltr'><em>emphyteusim</em></span> <span class='ocrx_word' id='word_1_734' title='bbox 635 4247 691 4304; x_wconf 74' lang='lat' dir='ltr'><em>post</em></span> <span class='ocrx_word' id='word_1_735' title='bbox 707 4236 793 4290; x_wconf 71' lang='lat' dir='ltr'><em>retecta</em></span> <span class='ocrx_word' id='word_1_736' title='bbox 806 4231 944 4291; x_wconf 90' lang='lat' dir='ltr'><em>laudemia</em></span> <span class='ocrx_word' id='word_1_737' title='bbox 960 4233 1021 4292; x_wconf 87' lang='lat' dir='ltr'><em>lisa</em></span> <span class='ocrx_word' id='word_1_738' title='bbox 1113 4249 1157 4308; x_wconf 88' lang='lat' dir='ltr'><em>get</em></span> <span class='ocrx_word' id='word_1_739' title='bbox 1176 4234 1217 4290; x_wconf 91' lang='lat' dir='ltr'><em>ad</em></span> <span class='ocrx_word' id='word_1_740' title='bbox 1228 4239 1336 4303; x_wconf 89' lang='lat' dir='ltr'><em>proprios</em></span> <span class='ocrx_word' id='word_1_741' title='bbox 1354 4232 1442 4294; x_wconf 77' lang='lat' dir='ltr'><em>usus?</em></span> 
     </span>
     <span class='ocr_line' id='line_1_59' title="bbox 287 4297 1826 4376; baseline 0.005 -27"><span class='ocrx_word' id='word_1_742' title='bbox 287 4297 361 4351; x_wconf 88' lang='lat' dir='ltr'><em>tertio</em></span> <span class='ocrx_word' id='word_1_743' title='bbox 379 4319 534 4375; x_wconf 85' lang='lat' dir='ltr'><em>moveatur,</em></span> <span class='ocrx_word' id='word_1_744' title='bbox 561 4301 594 4365; x_wconf 61' lang='grc' dir='ltr'>Θ</span> <span class='ocrx_word' id='word_1_745' title='bbox 621 4305 766 4360; x_wconf 84' lang='lat' dir='ltr'><em>trastsahlio</em></span> <span class='ocrx_word' id='word_1_746' title='bbox 797 4321 942 4375; x_wconf 81' lang='lat' dir='ltr'><em>sequatur,</em></span> <span class='ocrx_word' id='word_1_747' title='bbox 971 4327 1022 4364; x_wconf 84' lang='lat' dir='ltr'><em>non</em></span> <span class='ocrx_word' id='word_1_748' title='bbox 1048 4299 1093 4372; x_wconf 75' lang='grc'><em>49.</em></span> <span class='ocrx_word' id='word_1_749' title='bbox 1112 4306 1161 4360; x_wconf 87' lang='lat' dir='ltr'><em>An</em></span> <span class='ocrx_word' id='word_1_750' title='bbox 1178 4309 1262 4362; x_wconf 92' lang='lat' dir='ltr'><em>etiam</em></span> <span class='ocrx_word' id='word_1_751' title='bbox 1279 4303 1310 4360; x_wconf 88' lang='lat' dir='ltr'><em>oh</em></span> <span class='ocrx_word' id='word_1_752' title='bbox 1328 4302 1601 4376; x_wconf 66' lang='lat' dir='ltr'><em>initiationemjuris</em></span> <span class='ocrx_word' id='word_1_753' title='bbox 1619 4299 1826 4374; x_wconf 72' lang='lat' dir='ltr'><em>emphyteutici?</em></span> 
     </span>
     <span class='ocr_line' id='line_1_60' title="bbox 285 4367 1862 4447; baseline 0.003 -23"><span class='ocrx_word' id='word_1_754' title='bbox 285 4371 381 4424; x_wconf 79' lang='lat' dir='ltr'><em>i&#39;erato</em></span> <span class='ocrx_word' id='word_1_755' title='bbox 398 4369 522 4430; x_wconf 88' lang='lat' dir='ltr'><em>debentur</em></span> <span class='ocrx_word' id='word_1_756' title='bbox 539 4371 693 4444; x_wconf 84' lang='lat' dir='ltr'><em>laudemio,</em></span> <span class='ocrx_word' id='word_1_757' title='bbox 710 4375 770 4430; x_wconf 84' lang='lat' dir='ltr'><em>licet</em></span> <span class='ocrx_word' id='word_1_758' title='bbox 787 4378 815 4430; x_wconf 92' lang='lat' dir='ltr'><em>in</em></span> <span class='ocrx_word' id='word_1_759' title='bbox 832 4375 948 4432; x_wconf 60' lang='lat' dir='ltr'><em>ociorem</em></span> <span class='ocrx_word' id='word_1_760' title='bbox 963 4397 1019 4444; x_wconf 82' lang='lat' dir='ltr'><em>em·</em></span> <span class='ocrx_word' id='word_1_761' title='bbox 1048 4371 1094 4430; x_wconf 85' lang='lat'><em>50.</em></span> <span class='ocrx_word' id='word_1_762' title='bbox 1111 4375 1294 4447; x_wconf 83' lang='lat' dir='ltr'><em>Emphyseust&#39;s</em></span> <span class='ocrx_word' id='word_1_763' title='bbox 1305 4373 1391 4447; x_wconf 84' lang='lat' dir='ltr'><em>finita</em></span> <span class='ocrx_word' id='word_1_764' title='bbox 1409 4373 1477 4432; x_wconf 88' lang='lat' dir='ltr'><em>redit</em></span> <span class='ocrx_word' id='word_1_765' title='bbox 1494 4371 1537 4427; x_wconf 89' lang='lat' dir='ltr'><em>ad</em></span> <span class='ocrx_word' id='word_1_766' title='bbox 1558 4371 1696 4430; x_wconf 90' lang='lat' dir='ltr'><em>deminum</em></span> <span class='ocrx_word' id='word_1_767' title='bbox 1721 4367 1862 4442; x_wconf 76' lang='lat' dir='ltr'><em>directum,</em></span> 
     </span>
     <span class='ocr_line' id='line_1_61' title="bbox 281 4437 1860 4518; baseline 0.002 -24"><span class='ocrx_word' id='word_1_768' title='bbox 281 4437 410 4508; x_wconf 83' lang='lat' dir='ltr'><em>plryteusis</em></span> <span class='ocrx_word' id='word_1_769' title='bbox 426 4461 460 4495; x_wconf 82' lang='lat' dir='ltr'><em>ee</em></span> <span class='ocrx_word' id='word_1_770' title='bbox 475 4443 653 4501; x_wconf 77' lang='lat' dir='ltr'><em>transahlione</em></span> <span class='ocrx_word' id='word_1_771' title='bbox 669 4459 802 4508; x_wconf 75' lang='lat' dir='ltr'><em>transcat,¹</em></span> <span class='ocrx_word' id='word_1_772' title='bbox 819 4447 874 4501; x_wconf 92' lang='lat' dir='ltr'><em>nisi</em></span> <span class='ocrx_word' id='word_1_773' title='bbox 880 4440 964 4516; x_wconf 68' lang='lat' dir='ltr'><em>frates</em></span> <span class='ocrx_word' id='word_1_774' title='bbox 974 4446 1019 4501; x_wconf 88' lang='lat' dir='ltr'><em>do-</em></span> <span class='ocrx_word' id='word_1_775' title='bbox 1117 4447 1173 4503; x_wconf 85' lang='lat' dir='ltr'><em>sive</em></span> <span class='ocrx_word' id='word_1_776' title='bbox 1187 4448 1333 4518; x_wconf 75' lang='lat' dir='ltr'><em>privatum,</em></span> <span class='ocrx_word' id='word_1_777' title='bbox 1357 4449 1411 4502; x_wconf 80' lang='lat' dir='ltr'><em>siue</em></span> <span class='ocrx_word' id='word_1_778' title='bbox 1420 4443 1533 4516; x_wconf 76' lang='lat' dir='ltr'><em>fiscum,</em></span> <span class='ocrx_word' id='word_1_779' title='bbox 1559 4443 1666 4501; x_wconf 79' lang='lat' dir='ltr'><em>etiamsi</em></span> <span class='ocrx_word' id='word_1_780' title='bbox 1681 4439 1764 4514; x_wconf 80' lang='lat' dir='ltr'><em>fiscus</em></span> <span class='ocrx_word' id='word_1_781' title='bbox 1778 4461 1860 4516; x_wconf 85' lang='lat' dir='ltr'><em>gene-</em></span> 
     </span>
     <span class='ocr_line' id='line_1_62' title="bbox 285 4507 1848 4589; baseline 0.004 -25"><span class='ocrx_word' id='word_1_782' title='bbox 285 4513 360 4565; x_wconf 85' lang='lat' dir='ltr'><em>minc</em></span> <span class='ocrx_word' id='word_1_783' title='bbox 375 4507 472 4568; x_wconf 78' lang='lat' dir='ltr'><em>direiio</em></span> <span class='ocrx_word' id='word_1_784' title='bbox 481 4510 555 4584; x_wconf 83' lang='lat' dir='ltr'><em>fiat,</em></span> <span class='ocrx_word' id='word_1_785' title='bbox 573 4513 619 4570; x_wconf 86' lang='lat' dir='ltr'><em>uel</em></span> <span class='ocrx_word' id='word_1_786' title='bbox 631 4516 653 4571; x_wconf 87' lang='lat' dir='ltr'><em>is</em></span> <span class='ocrx_word' id='word_1_787' title='bbox 668 4513 773 4587; x_wconf 87' lang='lat' dir='ltr'><em>probet,</em></span> <span class='ocrx_word' id='word_1_788' title='bbox 784 4534 854 4586; x_wconf 86' lang='lat' dir='ltr'><em>eum,</em></span> <span class='ocrx_word' id='word_1_789' title='bbox 872 4515 917 4585; x_wconf 84' lang='lat' dir='ltr'><em>qui</em></span> <span class='ocrx_word' id='word_1_790' title='bbox 934 4520 1020 4589; x_wconf 89' lang='lat' dir='ltr'><em>cessit,</em></span> <span class='ocrx_word' id='word_1_791' title='bbox 1118 4515 1212 4574; x_wconf 85' lang='lat' dir='ltr'><em>raliter</em></span> <span class='ocrx_word' id='word_1_792' title='bbox 1228 4535 1316 4572; x_wconf 91' lang='lat' dir='ltr'><em>omnes</em></span> <span class='ocrx_word' id='word_1_793' title='bbox 1334 4515 1433 4572; x_wconf 88' lang='lat' dir='ltr'><em>reditus</em></span> <span class='ocrx_word' id='word_1_794' title='bbox 1448 4511 1554 4585; x_wconf 73' lang='lat' dir='ltr'><em>fiscales</em></span> <span class='ocrx_word' id='word_1_795' title='bbox 1571 4533 1627 4572; x_wconf 91' lang='lat' dir='ltr'><em>una</em></span> <span class='ocrx_word' id='word_1_796' title='bbox 1645 4511 1762 4570; x_wconf 91' lang='lat' dir='ltr'><em>mercede</em></span> <span class='ocrx_word' id='word_1_797' title='bbox 1777 4512 1848 4580; x_wconf 84' lang='lat' dir='ltr'><em>puhl&#39;</em></span> 
     </span>
     <span class='ocr_line' id='line_1_63' title="bbox 283 4579 1860 4657; baseline -0.006 -8"><span class='ocrx_word' id='word_1_798' title='bbox 283 4579 479 4649; x_wconf 58' lang='lat' dir='ltr'><em>‘mllssffliam</em></span> <span class='ocrx_word' id='word_1_799' title='bbox 488 4581 594 4657; x_wconf 69' lang='lat' dir='ltr'><em>fulm-</em></span> <span class='ocrx_word' id='word_1_800' title='bbox 1116 4589 1198 4645; x_wconf 89' lang='lat' dir='ltr'><em>ciana</em></span> <span class='ocrx_word' id='word_1_801' title='bbox 1215 4588 1337 4646; x_wconf 84' lang='lat' dir='ltr'><em>elocasset</em></span> <span class='ocrx_word' id='word_1_802' title='bbox 1345 4607 1360 4652; x_wconf 64' lang='lat'><em>‚⁸</em></span> <span class='ocrx_word' id='word_1_803' title='bbox 1375 4588 1439 4657; x_wconf 91' lang='lat' dir='ltr'><em>quia</em></span> <span class='ocrx_word' id='word_1_804' title='bbox 1455 4589 1627 4644; x_wconf 81' lang='lat' dir='ltr'><em>commissum</em></span> <span class='ocrx_word' id='word_1_805' title='bbox 1643 4583 1699 4641; x_wconf 83' lang='lat' dir='ltr'><em>tale</em></span> <span class='ocrx_word' id='word_1_806' title='bbox 1717 4579 1815 4642; x_wconf 82' lang='lat' dir='ltr'><em>reditus</em></span> <span class='ocrx_word' id='word_1_807' title='bbox 1820 4583 1860 4655; x_wconf 87' lang='lat' dir='ltr'><em>fi</em></span> 
     </span>
     <span class='ocr_line' id='line_1_64' title="bbox 215 4651 1331 4732; baseline 0.002 -20"><span class='ocrx_word' id='word_1_808' title='bbox 215 4659 270 4730; x_wconf 54' lang='lat' dir='ltr'><em>,ils</em></span> <span class='ocrx_word' id='word_1_809' title='bbox 280 4661 309 4714; x_wconf 73' lang='lat' dir='ltr'><em>Si</em></span> <span class='ocrx_word' id='word_1_810' title='bbox 324 4657 380 4732; x_wconf 81' lang='lat' dir='ltr'><em>quis</em></span> <span class='ocrx_word' id='word_1_811' title='bbox 398 4655 488 4714; x_wconf 83' lang='lat' dir='ltr'><em>aliena</em></span> <span class='ocrx_word' id='word_1_812' title='bbox 502 4656 607 4711; x_wconf 89' lang='lat' dir='ltr'><em>nomine</em></span> <span class='ocrx_word' id='word_1_813' title='bbox 623 4657 734 4725; x_wconf 85' lang='lat' dir='ltr'><em>emerit,</em></span> <span class='ocrx_word' id='word_1_814' title='bbox 752 4675 802 4710; x_wconf 85' lang='lat' dir='ltr'><em>nen</em></span> <span class='ocrx_word' id='word_1_815' title='bbox 819 4653 858 4711; x_wconf 88' lang='lat' dir='ltr'><em>bis</em></span> <span class='ocrx_word' id='word_1_816' title='bbox 876 4651 925 4710; x_wconf 85' lang='lat' dir='ltr'><em>sed</em></span> <span class='ocrx_word' id='word_1_817' title='bbox 939 4657 1021 4712; x_wconf 86' lang='lat' dir='ltr'><em>semel</em></span> <span class='ocrx_word' id='word_1_818' title='bbox 1116 4657 1197 4716; x_wconf 84' lang='lat' dir='ltr'><em>scalis</em></span> <span class='ocrx_word' id='word_1_819' title='bbox 1215 4679 1272 4716; x_wconf 90' lang='lat' dir='ltr'><em>nott.</em></span> <span class='ocrx_word' id='word_1_820' title='bbox 1283 4673 1331 4715; x_wconf 90' lang='lat' dir='ltr'><em>est.</em></span> 
     </span>
     <span class='ocr_line' id='line_1_65' title="bbox 287 4721 1861 4802; baseline -0.002 -18"><span class='ocrx_word' id='word_1_821' title='bbox 287 4727 423 4788; x_wconf 81' lang='lat' dir='ltr'><em>laudernr&#39;a</em></span> <span class='ocrx_word' id='word_1_822' title='bbox 441 4722 575 4798; x_wconf 77' lang='lat' dir='ltr'><em>solvenda,</em></span> <span class='ocrx_word' id='word_1_823' title='bbox 593 4727 647 4782; x_wconf 82' lang='lat' dir='ltr'><em>sive</em></span> <span class='ocrx_word' id='word_1_824' title='bbox 665 4724 827 4780; x_wconf 78' lang='lat' dir='ltr'><em>mandatum</em></span> <span class='ocrx_word' id='word_1_825' title='bbox 846 4723 967 4786; x_wconf 83' lang='lat' dir='ltr'><em>hahuerit</em></span> <span class='ocrx_word' id='word_1_826' title='bbox 980 4731 1016 4784; x_wconf 94' lang='lat' dir='ltr'><em>si-</em></span> <span class='ocrx_word' id='word_1_827' title='bbox 1045 4721 1093 4786; x_wconf 84' lang='grc'><em>51.</em></span> <span class='ocrx_word' id='word_1_828' title='bbox 1109 4729 1202 4785; x_wconf 76' lang='lat' dir='ltr'><em>ttctra</em></span> <span class='ocrx_word' id='word_1_829' title='bbox 1219 4727 1379 4802; x_wconf 71' lang='lat' dir='ltr'><em>emphsteusi</em></span> <span class='ocrx_word' id='word_1_830' title='bbox 1396 4727 1517 4790; x_wconf 88' lang='lat' dir='ltr'><em>dominus</em></span> <span class='ocrx_word' id='word_1_831' title='bbox 1535 4728 1649 4788; x_wconf 77' lang='lat' dir='ltr'><em>direlius</em></span> <span class='ocrx_word' id='word_1_832' title='bbox 1662 4725 1861 4801; x_wconf 77' lang='lat' dir='ltr'><em>emphyteutam</em></span> 
     </span>
     <span class='ocr_line' id='line_1_66' title="bbox 283 4795 1934 4890; baseline 0 -34"><span class='ocrx_word' id='word_1_833' title='bbox 283 4822 313 4864; x_wconf 77' lang='lat' dir='ltr'><em>ve</em></span> <span class='ocrx_word' id='word_1_834' title='bbox 330 4817 395 4870; x_wconf 87' lang='lat' dir='ltr'><em>nott,</em></span> <span class='ocrx_word' id='word_1_835' title='bbox 413 4816 485 4854; x_wconf 85' lang='lat' dir='ltr'><em>setus</em></span> <span class='ocrx_word' id='word_1_836' title='bbox 493 4837 504 4870; x_wconf 84' lang='lat'><em>,</em></span> <span class='ocrx_word' id='word_1_837' title='bbox 522 4797 546 4852; x_wconf 86' lang='lat' dir='ltr'><em>st&#39;</em></span> <span class='ocrx_word' id='word_1_838' title='bbox 563 4815 610 4856; x_wconf 84' lang='lat' dir='ltr'><em>teto</em></span> <span class='ocrx_word' id='word_1_839' title='bbox 626 4797 729 4854; x_wconf 81' lang='lat' dir='ltr'><em>nornine</em></span> <span class='ocrx_word' id='word_1_840' title='bbox 748 4798 863 4872; x_wconf 79' lang='lat' dir='ltr'><em>esnisset,</em></span> <span class='ocrx_word' id='word_1_841' title='bbox 880 4795 914 4860; x_wconf 68' lang='lat'><em>(5</em></span> <span class='ocrx_word' id='word_1_842' title='bbox 928 4813 1016 4872; x_wconf 86' lang='lat' dir='ltr'><em>postea</em></span> <span class='ocrx_word' id='word_1_843' title='bbox 1034 4823 1037 4832; x_wconf 82' lang='grc'><strong><em>’</em></strong></span> <span class='ocrx_word' id='word_1_844' title='bbox 1113 4819 1165 4858; x_wconf 86' lang='lat' dir='ltr'><em>non</em></span> <span class='ocrx_word' id='word_1_845' title='bbox 1180 4801 1301 4887; x_wconf 71' lang='lat' dir='ltr'><em>private,</em></span> <span class='ocrx_word' id='word_1_846' title='bbox 1316 4796 1361 4858; x_wconf 74' lang='lat' dir='ltr'><em>sea</em></span> <span class='ocrx_word' id='word_1_847' title='bbox 1373 4801 1478 4884; x_wconf 85' lang='lat' dir='ltr'><em>judicic</em></span> <span class='ocrx_word' id='word_1_848' title='bbox 1494 4803 1662 4876; x_wconf 74' lang='lat' dir='ltr'><em>catenum,</em></span> <span class='ocrx_word' id='word_1_849' title='bbox 1675 4799 1801 4890; x_wconf 63' lang='lat' dir='ltr'><em>sepeliere</em></span> <span class='ocrx_word' id='word_1_850' title='bbox 1810 4797 1858 4854; x_wconf 59' lang='lat' dir='ltr'><em>ka</em></span> <span class='ocrx_word' id='word_1_851' title='bbox 1923 4863 1934 4877; x_wconf 25' lang='grc' dir='ltr'>ἱ</span> 
     </span>
    </p>
   </div>
   <div class='ocr_carea' id='block_1_5' title="bbox 0 0 2016 5352">
    <p class='ocr_par' dir='ltr' id='par_1_6' title="bbox 0 0 2016 5352">
     <span class='ocr_line' id='line_1_67' title="bbox 0 0 2016 5352; baseline 0 3"><span class='ocrx_word' id='word_1_852' title='bbox 0 0 2016 5352; x_wconf 95' lang='lat' dir='ltr'><em> </em></span> 
     </span>
    </p>
   </div>
  </div>
 </body>
</html>
