4022 5354
260 141 457 272 ets
822 141 1232 252 'mmmm

164 317 171 339 ,-
207 304 254 355 per
271 302 309 356 se,
326 279 383 340 sive
400 293 447 349 per
464 286 650 348 procuratores
667 277 696 334 in
714 273 764 338 lite
780 269 969 358 tribuiterint,
991 293 1025 338 eo
1054 289 1109 352 tur,
1126 275 1532 355 computrescentum,
1550 277 1568 338 Ι.
1586 279 1656 355 quod
1670 280 1695 341 ri
1709 291 1818 354 petrem
1829 292 1876 359 pr.

208 373 299 422 sensu,
317 367 371 423 quo
394 349 715 419 dominantissimam
739 353 767 406 in
788 349 945 416 poderosus
963 367 1027 421 pro-
1050 344 1134 419 ffldr
1151 354 1192 408 rei
1208 349 1281 408 and
1693 363 1695 372 ¹

209 427 342 490 euretotis
404 437 501 482 sonem
517 416 859 491 continuaredicitur,1i‘.
877 421 918 477 sin
932 437 1026 477 eurem
1089 416 1246 490 diruatur
1273 422 1302 477 in
1322 420 1398 479 litem
1423 437 1457 480 er
1474 417 1616 482 affeiiione
1642 425 1772 486 adversus
1792 441 1878 502 essm,

208 493 235 554 5.
254 495 324 554 Inrt.
393 491 519 552 sapidas.
538 491 619 560 idque
637 491 671 552 ad
689 489 872 551 exclusionem
898 508 1026 558 proeurar
1054 493 1101 563 qui
1118 490 1184 551 dolo
1200 491 1274 550 mulo
1291 505 1338 550 aut
1355 497 1525 550 mntumacia
1551 511 1608 552 non
1626 492 1693 554 facit
1719 497 1878 560 restitutio·
1947 501 1957 508 '

208 583 311 634 torum,
328 564 385 636 qui,
403 561 466 628 licet
485 561 541 620 litis
558 562 819 622 contestutionelitis
837 559 1026 634 deminifiant,
1056 579 1119 621 nun
1136 563 1185 638 rei,
1194 576 1244 622 aur
1260 561 1457 622 subibitionem
1468 581 1476 632 3
1489 581 1543 623 non
1561 578 1657 623 contre
1675 565 1789 628 heredes
1806 586 1879 630 oon-

191 641 406 708 ·lptocumtor.
424 649 466 698 22.
486 635 508 690 Ι.
523 628 567 692 25.
586 633 615 690 C.
635 631 667 688 dc
685 646 754 702 proc.
781 645 873 690 tamen
897 651 954 692 non
977 651 1027 692 suo
1054 637 1173 691 tumacia
1190 632 1289 693 dolove
1305 631 1457 701 defundisv
1470 653 1504 694 eo
1520 637 1594 709 quod
1618 635 1879 764 hocgmuurandum

207 709 257 768 sed
274 707 378 767 domini
396 705 553 770 mandantis
579 707 690 762 nomine
716 704 792 760 litem
818 715 1024 762 contestentur:
1054 709 1229 762 contumacis
1245 722 1351 774 ponam
1378 707 1523 776 continet,
1541 708 1560 762 Ι.
1580 723 1650 764 tutor
1695 748 1702 764 .
1749 711 1799 768 .b.
1817 730 1838 769 r.
1858 715 1878 769 Ι.

209 779 283 842 uide
300 774 430 846 Ulpianus
449 780 477 832 in
496 775 526 833 Ι.
541 775 558 832 Ι.
578 788 604 845 7.
622 783 653 832 ut
680 790 789 833 omnem
808 773 913 848 toleret
933 774 1026 834 verbo
1055 775 1104 833 ult.
1121 772 1155 847 ff.
1173 773 1468 900 dcfbjmroriburstn
1487 793 1591 846 penam
1609 791 1699 837 autem
1735 797 1798 839 ntes
1816 799 1880 842 non

209 866 272 912 rum
288 850 408 916 priorum
425 844 787 920 ambiguitatummagisque
805 844 913 916 planum
931 845 1026 905 redde·
1054 847 1191 918 succedit,
1222 862 1303 917 .pen.
1320 843 1353 918 ff.
1372 846 1404 902 dc
1421 851 1501 918 operit
1527 852 1589 906 nori
1604 853 1793 923 nuntiatione,
1824 853 1881 914 nisi

210 933 264 986 ret,
282 937 328 987 per
345 919 402 978 licit
419 915 536 973 dominor
554 935 610 974 non
626 919 761 987 designati
780 929 973 988 procuratores,
990 933 1026 974 ex
1055 917 1089 974 lis
1106 935 1168 975 cum
1185 914 1320 977 denseo
1330 930 1485 978 tentatore
1503 923 1548 993 sit,
1565 920 1583 976 Ι.
1604 921 1658 977 alio
1671 920 1739 994 jure
1753 919 1780 992 4.
1800 925 1831 984 C.
1850 924 1878 987 Ι.

210 987 363 1060 Papiniano
380 985 526 1058 subneffit,
543 988 632 1046 alium
650 1007 701 1044 non
716 989 916 1060 poisejurare,
959 1006 1026 1045 unm
1054 1005 1074 1045 t.
1095 985 1169 1062 Quin
1189 999 1281 1048 tamen
1299 986 1490 1060 obproprium
1508 988 1615 1054 heredis
1641 991 1733 1052 dolum
1751 1005 1801 1050 aut
1820 995 1881 1053 cul-

210 1079 282 1132 eum,
301 1065 347 1131 qm·
363 1060 438 1116 licem
457 1061 625 1116 curuamine
643 1075 804 1118 contestatur
822 1076 880 1117 nr.
907 1007 965 1116 Sub
984 1057 1026 1114 bis
1055 1077 1116 1130 pom
1134 1059 1229 1130 letam,
1246 1061 1417 1129 propriamve
1434 1067 1650 1135 contumaciam,
1667 1067 1796 1124 adversus
1812 1083 1877 1126 etms

209 1144 312 1198 autem,
330 1132 376 1198 qui
395 1128 473 1192 litem
489 1135 540 1188 suo
556 1132 667 1186 nomine
684 1131 828 1192 contestati
845 1141 926 1202 sunt,
942 1133 1026 1186 etiam
1116 1135 1137 1185 it
1156 1131 1185 1184 in
1204 1129 1279 1188 litem
1295 1128 1388 1200 {utari
1405 1129 1518 1188 dubium
1536 1151 1591 1191 non
1610 1135 1692 1206 cst,l.
1714 1152 1736 1191 r.
1755 1149 1781 1191 2.
1800 1131 1827 1192 δ’.
1847 1135 1876 1206 d.

209 1215 311 1260 tutores
325 1201 370 1260 nic
386 1197 591 1270 comprehensos
607 1202 756 1259 existimem
768 1223 780 1270 ,-
801 1203 895 1271 quippe
911 1201 957 1272 qui
974 1201 1026 1256 etsi
1054 1148 1127 1258 boec
1146 1200 1172 1258 i.
1191 1217 1211 1256 t.
1231 1201 1251 1256 Ι.
1278 1219 1341 1256 curn
1358 1200 1519 1260 ostendimur
1546 1203 1573 1276 4.
1585 1201 1625 1276 ff.
1652 1205 1684 1261 de
1694 1205 1821 1279 fidejuts.
1841 1207 1877 1274 (5

210 1291 299 1332 rerum
316 1269 465 1331 alienarum
482 1270 714 1330 administratores
731 1274 801 1343 sint,
828 1284 921 1328 tamen
940 1267 1025 1329 atin
1054 1274 1182 1330 nominer.
1211 1269 1247 1334 (2
1262 1269 1348 1328 breed.
1367 1287 1446 1331 tutor.
1466 1270 1592 1345 ldemque
1618 1289 1743 1333 servatur
1760 1283 1790 1334 in
1809 1276 1881 1340 fide·

209 1359 271 1402 nem
290 1361 337 1414 pro
357 1339 464 1411 pupillis
481 1343 673 1411 instituentes,
699 1359 732 1400 eo
749 1347 779 1398 in
807 1342 937 1413 plerisque
964 1340 1026 1397 loco
1053 1338 1215 1422 jussoribus,
1232 1355 1330 1412 contre
1346 1359 1413 1412 quos
1430 1359 1469 1400 eu·
1490 1342 1555 1402 dolo
1574 1347 1683 1420 quidem
1710 1349 1819 1418 proprio
1846 1351 1879 1409 in

210 1412 365 1486 habentur,
383 1431 414 1472 ac
430 1415 453 1468 si
472 1429 520 1480 pro
537 1432 574 1480 se,
592 1413 751 1482 propriaque
774 1414 803 1470 in
822 1429 924 1484 causa,
950 1410 1025 1468 l'uem
1055 1414 1132 1471 litem
1149 1418 1233 1484 Jutari
1252 1425 1352 1483 potest,
1368 1431 1402 1472 ex
1420 1411 1486 1470 dolo
1503 1433 1568 1472 vero
1584 1411 1651 1486 ejus,
1670 1433 1720 1490 pro
1773 1417 1879 1480 ofide-

99 1498 102 1506 ’
209 1496 361 1556 moverent,
378 1486 405 1543 u
423 1483 528 1544 domini
544 1497 641 1553 essent,
660 1485 677 1540 Ι.
693 1490 740 1554 pm·
757 1481 901 1541 secundum
919 1495 946 1552 7.
963 1477 990 1562 gi.
1002 1484 1026 1537 ri
1054 1481 1196 1556 jusserunt,
1214 1499 1270 1541 non
1289 1482 1361 1540 ultre
1380 1501 1472 1541 verum
1488 1489 1526 1543 rei
1544 1490 1661 1556 pretium
1679 1505 1730 1545 con
1751 1498 1880 1548 emporio

210 1549 332 1616 suroreb.
347 1550 382 1622 ᾖ
405 1569 450 1624 pro
476 1569 573 1610 emtore
591 1571 643 1624 quo
669 1555 796 1614 modo&
824 1555 854 1608 in
881 1552 1026 1618 allisistis
1053 1561 1107 1623 sit;
1126 1573 1176 1612 nec
1194 1549 1287 1612 delicit
1305 1550 1389 1614 alieni
1406 1571 1510 1626 poenam
1529 1568 1664 1630 prestent,
1683 1559 1701 1616 Ι.
1720 1559 1769 1618 ult.
1782 1557 1821 1634 ff
1839 1561 1874 1618 dr

209 1625 348 1708 partibus,
368 1625 395 1680 in
414 1621 527 1694 quibus,
545 1621 591 1681 lite
612 1641 658 1694 per
677 1638 877 1694 procuratorem
903 1627 1027 1698 agitata,
1046 1625 1094 1696 fid
1114 1627 1171 1682 'orn

210 1695 317 1770 jubetur
334 1697 389 1764 ipse
406 1695 532 1752 dominus
552 1689 656 1763 iurare,
683 1713 733 1754 nec
751 1707 908 1766 procurator
930 1693 965 1751 ad
982 1689 1023 1765 ju·
1089 1646 1116 1752 ξ
1131 1693 1235 1752 Locum
1254 1693 1338 1752 hebet
1355 1693 1408 1752 lroc
1427 1691 1614 1763 intimandum
1641 1697 1669 1760 in
1688 1699 1817 1759 omnibus
1834 1698 1878 1772 iu-

210 1767 324 1824 randum
341 1767 506 1834 admittitur,
524 1777 728 1824 tutores-tamen
745 1769 774 1826 ἃ
791 1779 939 1834 curatores,
952 1777 1023 1822 rum·
1053 1767 1132 1824 diciis
1150 1765 1228 1826 bone
1245 1763 1308 1822 idei
1324 1767 1353 1825 dr
1371 1765 1535 1836 arbitrer-iis,
1555 1767 1585 1822 in
1602 1766 1699 1838 quibus
1715 1771 1752 1828 de
1768 1777 1882 1831 rectum

209 1854 289 1910 quam
307 1835 629 1908 domiui-admittuntur,
646 1837 664 1891 Ι.
700 1842 781 1894 uotirt
800 1853 843 1893 21.
868 1831 895 1910 §.
915 1839 938 1892 ti
955 1851 1025 1890 tutor
1053 1838 1124 1896 endo
1142 1851 1188 1895 aut
1206 1833 1363 1893 exhibendo
1380 1839 1550 1911 agitur‚sive
1566 1837 1674 1899 iurem
1691 1841 1749 1900 sive
1768 1843 1797 1900 in
1815 1861 1880 1913 pep-
1904 1896 1906 1900 ,

209 1912 234 1970 5.
251 1905 284 1974 ff.
303 1906 438 1970 denoted.
457 1908 556 1964 nilion.
575 1924 606 1963 ec
623 1909 655 1966 de
673 1853 738 1974 ibis,
748 1909 789 1966 uti
807 1908 841 1966 de
858 1913 953 1976 quovis
970 1903 1024 1960 alio
1053 1923 1147 1966 sonam
1165 1913 1236 1978 sint,
1253 1907 1271 1962 Ι
1290 1910 1488 1978 quinctium
1511 1905 1607 1981 &iffi
1635 1909 1669 1965 de
1685 1915 1724 1968 rei
1742 1913 1878 1972 vindicas.

210 1976 433 2047 attondetur,
460 1994 506 2036 cos
526 1978 569 2036 vel
584 1995 631 2048 per
657 1997 686 2033 se
705 1977 748 2034 rel
776 1997 822 2048 per
849 1977 933 2035 alium
951 1973 1024 2032 litem
1054 1979 1072 2034 Ι.
1091 1980 1147 2036 sive
1164 1993 1284 2034 nostrum
1302 1991 1327 2033 2.
1346 1977 1365 2032 Ι.
1384 1980 1413 2034 in
1431 1976 1579 2036 atiionibur
1596 1978 1624 2039 5.
1636 1978 1675 2052 ff
1691 1980 1717 2038 Ι.
1736 1999 1757 2040 t.
1779 1983 1878 2058 veluti,

209 2046 320 2118 inferte,
339 2051 479 2120 idemque,
497 2049 568 2118 quod
586 2049 615 2105 in
634 2046 695 2104 litis
709 2049 828 2106 dominis
849 2048 976 2115 obtinet,
995 2047 1024 2104 in
1054 2049 1092 2108 rei
1110 2049 1314 2119 vindicatione,
1338 2045 1363 2102 d.
1383 2049 1402 2107 Ι.
1420 2045 1463 2106 tii.
1483 2046 1648 2110 confessoris
1665 2055 1698 2112 ἃ
1712 2057 1855 2127 negetoria

208 2119 345 2181 tutoribus
363 2137 467 2188 quoque
484 2135 516 2174 ac
533 2117 711 2189 curatoribus,
729 2119 882 2177 aduersario
908 2115 1025 2188 pupillo·
1054 2120 1072 2176 Ι.
1091 2118 1191 2176 barum
1207 2117 1348 2176 auronum
1363 2131 1389 2191 7.
1408 2123 1439 2176 in
1476 2139 1508 2176 nr
1519 2118 1557 2246 ff
1573 2126 1598 2180 si
1615 2125 1728 2182 servitus
1746 2123 1855 2183 vinda

209 2208 273 2249 rum
291 2189 367 2248 litem
384 2209 431 2258 per
449 2187 516 2245 altos
534 2187 725 2256 inferentibus,
741 2187 942 2246 observandum
959 2205 1025 2256 ese,
1053 2189 1251 2260 exhibendum,
1268 2189 1285 2242 Ι.
1296 2203 1322 2244 2.
1340 2187 1358 2242 Ι.
1369 2192 1398 2245 ia
1464 2192 1521 2246 ioni
1537 2211 1569 2248 ur
1586 2191 1611 2250 5.
1623 2190 1662 2266 ff.
1673 2195 1699 2252 Ι.
1718 2209 1738 2250 t.
1749 2195 1878 2270 depositi,

117 2265 121 2270 “
208 2263 234 2316 d.
253 2260 283 2329 ff
285 2305 290 2318 .
309 2257 334 2314 5.
354 2259 422 2321 Inst.
441 2257 473 2316 dr
491 2259 660 2316 satisdarirn.
680 2258 760 2320 Plane
771 2262 856 2317 matri
864 2259 1025 2330 pupillorum
1055 2263 1072 2316 Ι.
1091 2261 1133 2332 ei,
1151 2257 1226 2329 apud
1240 2278 1319 2330 qaum
1334 2256 1360 2315 5.
1377 2255 1415 2332 ff.
1434 2259 1543 2330 depositi
1589 2263 1773 2338 cotnmodati,
1790 2265 1809 2323 Ι.
1829 2268 1881 2323 sed

206 2329 392 2400 iusiurandum
418 2330 448 2386 in
475 2327 552 2386 litem
578 2326 727 2386 amnionis
755 2349 807 2400 pro
830 2331 885 2386 suis
932 2327 1024 2396 upillis
1054 2332 1121 2389 mibi
1139 2325 1165 2386 5.
1183 2323 1209 2403 §.
1229 2331 1258 2386 in
1277 2328 1328 2386 bac
1346 2345 1373 2387 2.
1385 2326 1424 2400 ff.
1439 2304 1619 2405 commodari,
1638 2333 1748 2407 tutele,
1766 2337 1784 2392 Ι.
1805 2353 1879 2396 tutor

171 2431 177 2437 ·
208 2415 334 2470 prestare
352 2398 466 2470 volenti,
483 2403 515 2458 id
529 2400 740 2469 permittendum
758 2418 814 2456 non
831 2411 882 2468 est,
904 2347 932 2458 Ι).
958 2398 978 2456 Ι.
997 2395 1023 2466 Ι
1053 2398 1079 2457 8.
1091 2397 1129 2471 ffi
1146 2400 1171 2457 b.
1190 2415 1210 2454 t.
1230 2398 1268 2471 by
1319 2399 1436 2471 horarie,
1454 2402 1472 2458 Ι.
1492 2407 1517 2459 ri
1545 2403 1641 2476 under,
1663 2404 1702 2462 16.
1719 2399 1746 2532 ᾗ.
1766 2411 1796 2463 in
1813 2410 1874 2466 oin-

204 2489 244 2544 pr.
263 2469 294 2542 ff.
315 2471 340 2527 Ι.
358 2487 378 2528 t.
399 2487 454 2526 non
473 2469 537 2540 alia,
555 2483 586 2530 ut
602 2472 703 2540 opinnr
721 2473 838 2539 ratione,
855 2485 937 2539 quam
963 2471 1025 2539 quia
1053 2471 1185 2527 ditatione
1202 2465 1227 2524 5.
1271 2469 1329 2526 ,de
1344 2473 1439 2544 pignos.
1468 2471 1502 2535 (⁴5
1568 2473 1619 2531 orb.
1637 2475 1671 2534 d'e
1687 2477 1771 2548 doo,
1789 2477 1807 2532 Ι.
1826 2498 1873 2534 ar-

209 2551 356 2612 impotcnte
373 2559 436 2610 erga
455 2539 554 2600 liberos
572 2559 663 2598 amore
680 2540 853 2608 dutia„ultra
870 2537 964 2608 justam
982 2536 1025 2596 af·
1053 2541 1131 2600 bitrio
1152 2537 1191 2598 18.
1235 2581 1241 2594 .
1261 2539 1294 2594 de
1310 2539 1376 2609 dolo,
1395 2538 1502 2601 afflone
1518 2561 1558 2600 rer
1575 2545 1686 2614 uxorin,
1703 2564 1756 2604 seu⁴
1769 2564 1805 2603 en
1822 2555 1875 2606 sti-

209 2613 355 2676 feiiionem
372 2609 494 2683 juraturo
511 2613 639 2682 creditur,
657 2627 710 2680 quo
734 2610 824 2668 liberis
842 2617 948 2678 prosit;
973 2610 1026 2670 etsi
1054 2612 1157 2683 pulstu,
1176 2629 1225 2680 pro
1241 2610 1305 2668 dote
1323 2615 1522 2683 recuperande,
1541 2613 1558 2668 Ι.
1577 2613 1603 2667 si
1619 2609 1806 2741 ffliffmiliar
1823 2618 1870 2674 25.

209 2685 257 2743 ille
275 2681 424 2753 displiceat,
442 2683 488 2743 sed
505 2683 563 2742 sine
581 2699 670 2751 causa,
688 2679 814 2738 Antonio
823 2679 915 2741 Fabro
933 2681 961 2735 in
978 2699 1024 2737 rn-
1054 2682 1090 2750 ρ’.
1109 2685 1241 2738 auritum
1262 2697 1284 2737 t.
1297 2678 1334 2752 ff.
1352 2683 1435 2740 roim
1451 2685 1636 2740 matrimonia.
1668 2685 1670 2691 '
1696 2684 1820 2742 on'item
1840 2688 1872 2744 in

208 2755 301 2814 risnel.
319 2753 360 2809 ad
376 2754 393 2810 Ι.
411 2749 437 2822 Ι.
449 2753 484 2823 ff.
503 2755 529 2811 Ι.
548 2765 568 2810 1.
585 2751 643 2827 Qui
662 2753 724 2809 ideo
750 2769 813 2830 cum
839 2751 901 2808 aliis
925 2751 1027 2820 excipit
1054 2760 1104 2825 iis,
1120 2751 1219 2827 quibus
1247 2767 1307 2810 noir
1321 2751 1356 2810 de
1371 2751 1537 2812 restituendo
1560 2752 1602 2811 vel
1619 2751 1794 2828 exhibendo,
1821 2756 1876 2814 sed

207 2827 315 2896 quidem
346 2825 398 2882 nisi
415 2839 502 2883 mater
520 2826 606 2882 tutrix
624 2827 680 2892 sit;
697 2822 745 2881 sed
761 2821 946 2883 fundamento
972 2825 1024 2878 mi·
1053 2839 1163 2882 tontum
1179 2819 1350 2882 temnendo
1367 2829 1457 2896 agitur
1474 2821 1515 2884 vel
1532 2821 1566 2884 cle
1588 2823 1646 2882 sola
1664 2826 1872 2892 indemnitate,-
1909 2873 1916 2876 .

208 2917 259 2954 nus
276 2867 382 2962 stabilis
400 2909 460 2958 tum
476 2902 539 2964 quie
557 2897 714 2964 impositum
742 2897 823 2951 matri
850 2889 938 2954 tutelas
963 2909 1024 2948 mu·-
1053 2895 1123 2968 quod
1140 2893 1236 2958 evenit
1261 2891 1291 2948 itt
1308 2899 1373 2952 emti
1389 2893 1561 2978 abilonq&
1578 2897 1724 2958 contrariis
1748 2911 1875 2954 commo·

71 2982 81 2990 ‘
165 3001 180 3020 ··
206 2987 259 3026 nus
277 2985 333 3024 non
351 2966 454 3037 eflicit,
473 2983 527 3034 quo
543 2969 633 3022 minus
651 2978 736 3020 mater
754 2977 884 3035 maneat,
906 2963 1024 3031 adeoque
1052 2968 1130 3036 dati,
1152 2961 1287 3036 depositi,
1304 2963 1490 3036 similibusque
1508 2965 1630 3036 pudiciis,
1646 2963 1673 3021 al.
1692 2967 1711 3022 Ι.
1728 2970 1775 3054 ei,
1803 2967 1880 3038 apud

206 3038 331 3108 perduret
348 3039 436 3104 ratio,
453 3053 624 3116 quaecumque
641 3034 690 3091 illa
707 3032 808 3106 fuerit,
834 3051 891 3102 que
911 3043 1025 3090 muttum
1070 3056 1131 3092 uem
1148 3035 1174 3100 5.
1187 3033 1224 3108 ff.
1244 3033 1371 3106 deperiri,
1388 3036 1571 3116 needenique
1597 3037 1629 3092 in
1645 3035 1735 3097 sciui
1762 3039 1830 3110 puris
1846 3054 1876 3093 s-

207 3103 255 3180 prb
273 3105 381 3180 pupillis
399 3105 436 3162 ab
453 3105 505 3166 hoe
524 3105 696 3175 iureiurando
712 3107 801 3162 'suasit
817 3101 1028 3174 depelimdrms
1082 3105 1209 3170 ionibuss
1226 3109 1322 3178 quippe
1340 3107 1370 3162 in
1387 3104 1503 3178 quibes,
1519 3113 1545 3166 si
1562 3103 1640 3174 iudex
1657 3107 1790 3167 aenimate
1807 3112 1874 3166 satis

207 3195 268 3238 tum
285 3183 348 3248 quia
359 3167 410 3246 lex
429 3194 485 3234 non
502 3177 665 3249 distinguite
682 3191 714 3231 oc
731 3176 845 3248 denique
865 3176 976 3256 vireu,
993 3187 1025 3231 ut
1052 3177 1194 3234 cotnmode
1212 3191 1269 3230 non
1288 3176 1425 3244 possinrd
1442 3175 1530 3233 solum
1543 3177 1668 3236 uniatis
1685 3175 1875 3250 iujurandum

189 3253 242 3328 je
261 3247 432 3320 iureiurando
454 3248 485 3304 in
504 3247 578 3304 litent
595 3249 678 3302 matri
706 3247 734 3300 in
752 3262 836 3304 causa
852 3244 1028 3314 *pupillorum
1052 3249 1204 3306 mundum
1223 3261 1275 3316 ea,
1293 3255 1351 3314 qus
1369 3247 1398 3300 in
1416 3248 1549 3316 principio
1575 3243 1655 3314 liuius
1678 3248 1755 3307 tituli
1772 3247 1851 3310 attia·

207 3317 355 3379 deferendo
373 3321 481 3394 questio
496 3334 553 3376 esse
571 3317 663 3388 possit,
681 3315 739 3372 nisi
753 3314 1023 3399 bbeturtuirsuntum
1051 3313 1261 3392 coniugiendum
1287 3328 1345 3388 est,
1363 3331 1422 3390 arg.
1447 3316 1466 3373 Ι.
1484 3320 1515 3376 in
1530 3317 1656 3377 anniti.
1684 3317 1766 3394 &pn
1793 3291 1873 3394 &bb

205 3395 292 3452 torris
310 3393 367 3460 sits
385 3407 446 3448 cum
465 3405 550 3446 mater
567 3389 705 3460 alienum,
732 3387 783 3444 ade
836 3388 896 3445 e&
915 3381 1023 3463 illustri
1052 3389 1102 3445 ult.
1121 3389 1140 3442 Ι.
1157 3386 1184 3443 6.
1201 3383 1235 3455 ff.
1253 3383 1281 3440 h.
1300 3401 1321 3442 t.
1789 3427 1791 3431 ,
1868 3455 1870 3460 ι

205 3459 354 3592 tuunis
371 3459 554 3590 istim
571 3460 704 3587 iiii
722 3455 799 3590 titi
841 3467 965 3582 tum
982 3471 1024 3582 ts·
1055 3453 1711 3594 Minis
1737 3456 1873 3588 iiiii

203 3607 232 3662 C.
249 3551 460 3677 dirpiicaugrbsumi
477 3551 688 3676 Quibusu'etiam
704 3545 870 3670 gonseqiens
895 3608 947 3664 ert,
963 3612 1023 3660 uer-
1051 3547 1109 3655 bbn
1126 3599 1173 3670 sit,
1190 3609 1270 3667 tune,
1287 3613 1350 3656 curn
1367 3595 1437 3655 illud
1452 3594 1561 3669 desert,
1576 3545 1873 3676 rlrfrenargcbtnspssuran-

205 3693 298 3748 peram
315 3675 386 3733 lint.
413 3671 534 3732 i'abrum
550 3673 577 3728 d.
596 3673 668 3743 laco,
684 3672 836 3738 rntiomm,
861 3685 910 3724 cur
936 3679 1024 3724 mater
1042 3669 1126 3740 dum,
1143 3671 1171 3730 or
1188 3667 1580 3740 tanetionemadjicere,intra
1597 3687 1679 3739 quam
1699 3669 1799 3740 intents
1825 3689 1873 3740 ne,

205 3745 406 3821 jurare-volens
424 3744 593 3804 admittenda
613 3761 667 3800 non
686 3748 731 3811 sit,
748 3741 777 3794 in
795 3755 830 3797 eo
843 3753 949 3806 ponere,
958 3738 1023 3819 qtria
1051 3753 1158 3809 arrepta
1174 3741 1365 3809 ormnem
1383 3745 1544 3796 immensum
1557 3739 1682 3810 alioquin·
1697 3759 1739 3799 res
1804 3747 1873 3800 ime-

204 3837 255 3888 pro
273 3817 435 3874 liberiestis
453 3813 638 3886 impuberibus
661 3815 689 3869 in
708 3807 807 3881 judicio
823 3821 894 3867 stare
913 3819 1023 3876 nequit.
1052 3822 1107 3878 tut,
1125 3811 1143 3865 Ι.
1161 3814 1207 3882 qui
1225 3812 1361 3868 rectinere
1386 3805 1876 3880 superiumentarium

204 3889 281 3949 Num
308 3905 371 3946 cum
386 3883 568 3960 Jtusjnrandum
579 3883 630 3946 hoc
648 3884 756 3962 demum
766 3891 827 3950 post
844 3877 950 3948 punam
959 3893 1022 3936 rau-
1054 3877 1093 3936 rii.
1106 3877 1144 3950 ff.
1158 3881 1190 3938 de
1208 3880 1282 3954 dole,
1301 3880 1318 3936 Ι.
1338 3879 1481 3938 videamur
1497 3877 1523 3946 Ι.
1536 3874 1567 3970 §⁸
1580 3881 1681 3953 ¹piraterio
1707 3897 1734 3936 2.
1753 3883 1818 3938 ΙΙΙ
1836 3901 1875 3935 a·

205 3981 239 4018 su
258 3929 481 4026 disceptationem
499 3957 729 4028 recognitionem
748 3949 868 4021 perticuli
884 3944 1023 4034 deierans
1051 3949 1179 4030 eiiont'but
1204 3950 1230 4010 5.
1249 3950 1276 4034 §a
1300 3967 1328 4033 ι.Ι
1336 3949 1373 4021 ff.
1401 3949 1428 4007 Ι.
1446 3967 1468 4009 t.
1486 3946 1565 4026 Qum
1586 3952 1661 4025 imo,
1677 3951 1791 4009 easiwdc
1805 3969 1875 4020 per-

203 4027 349 4093 sententia,
367 4028 491 4094 ineptmn
507 4025 599 4097 fucrit,
616 4041 663 4083 eor
680 4023 823 4092 dubitare,
841 4034 888 4076 rur
910 4036 1023 4090 querere
1053 4025 1131 4088 ttuio·
1140 4024 1170 4080 in
1188 4021 1239 4080 bac
1256 4023 1428 4092 purispurantli
1445 4027 1532 4092 specie
1550 4039 1608 4081 non
1626 4020 1708 4082 lacile
1724 4026 1807 4095 queri
1823 4039 1875 4079 so-

205 4097 240 4156 de
256 4114 300 4166 eo,
318 4113 354 4150 an
372 4099 474 4169 nutri,
491 4115 567 4166 quae,
585 4096 638 4154 nisi
656 4101 741 4152 trucis
762 4094 801 4152 sit
818 4095 848 4148 in
867 4090 916 4148 lire
936 4088 1022 4160 pupil-
1051 4091 1116 4165 laar,
1134 4092 1153 4150 Ι
1171 4093 1219 4150 uls.
1268 4091 1319 4150 .-Ι.
1338 4107 1358 4150 t.
1375 4104 1470 4151 temen
1488 4111 1522 4152 err
1549 4109 1648 4168 msgna
1674 4109 1755 4152 causa
1779 4105 1874 4162 potest

206 4167 398 4226 intremere
416 4173 584 4238 neutiquam,
602 4176 649 4223 aut
668 4181 734 4221 nota
751 4182 809 4224 esse
827 4167 924 4233 pontu,
950 4179 1022 4234 quac·
1052 4159 1148 4234 iudex,
1165 4170 1210 4233 qui
1294 4161 1344 4235 lit,
1362 4163 1431 4223 illuri
1449 4169 1598 4235 prestitum
1624 4181 1679 4222 non
1698 4164 1797 4234 eequis
1821 4165 1873 4222 sed
1937 4218 1944 4232 ,

205 4255 256 4308 que
275 4254 323 4294 nec
340 4255 391 4293 auo
407 4256 456 4296 nec
483 4241 669 4306 procuratorio
695 4238 806 4292 nomine
823 4233 899 4290 litem
926 4245 1021 4288 conte·
1051 4234 1093 4292 rel
1111 4251 1220 4304 prorsus
1237 4233 1481 4306 absoluerereum,
1499 4235 1643 4294 ueletiam
1670 4234 1786 4291 minoris
1802 4251 1873 4291 con·

203 4308 273 4364 stari
303 4304 355 4363 hoc
373 4303 558 4378 jusjurandum
577 4314 606 4366 in
625 4308 682 4375 ipso
698 4305 754 4363 litis
772 4303 826 4362 line
849 4301 1021 4383 deferendum
1049 4305 1187 4376 demnas-e,
1204 4323 1284 4375 quem
1301 4302 1420 4375 iuratum
1437 4320 1488 4377 est,
1501 4309 1632 4376 precipue
1648 4307 1761 4376 repertis
1779 4305 1874 4374 posteo

204 4381 257 4438 ait..
273 4347 381 4436 ileredi
400 4376 465 4446 eiras,
484 4380 528 4436 cui
548 4377 599 4434 hoc
619 4378 747 4446 potuisset
765 4372 866 4433 deserti
888 4389 1020 4442 purpurari·
1050 4373 1272 4448 probationibus,
1290 4374 1388 4448 quibus
1406 4379 1550 4438 innotescit
1588 4375 1631 4436 vel
1649 4393 1726 4434 reum
1745 4393 1801 4434 non
1820 4375 1873 4432 de·

204 4452 288 4522 dutn,
314 4465 368 4518 quo
384 4454 475 4509 minus
492 4466 509 4504 a
528 4443 615 4518 judice
642 4447 713 4504 idem
739 4465 775 4518 qu
811 4463 845 4501 ue
870 4438 1020 4513 deseratus,
1049 4447 1112 4504 suas
1129 4447 1194 4505 dolo
1211 4449 1287 4504 malo
1304 4447 1448 4518 possidete,
1467 4445 1541 4505 vela
1617 4465 1648 4502 m
1664 4463 1720 4506 non
1737 4465 1794 4505 esse
1824 4446 1870 4504 vel

207 4535 348 4591 caniquam
365 4536 398 4578 ex
416 4515 472 4587 iure
490 4516 649 4577 hereditatis
665 4516 777 4574 domino
805 4511 957 4584 abio,nihil
975 4531 1020 4570 ve·
1050 4534 1105 4574 non
1125 4518 1153 4573 in
1173 4531 1264 4576 totum
1281 4538 1337 4582 esse
1353 4519 1515 4588 dontinus,
1532 4519 1557 4574 d.
1575 4522 1594 4577 Ι.
1622 4517 1763 4576 uidemur
1780 4483 1808 4587 Ᾰ
1827 4515 1870 4587 ff.

111 4603 115 4610 ·
204 4604 265 4660 trt3
283 4590 429 4650 dummodo
447 4605 504 4647 non
522 4589 555 4648 de
573 4583 708 4656 derisniii,
722 4588 768 4646 sed
785 4587 820 4644 de
837 4600 886 4640 suo
903 4580 1021 4664 adsedit>
1049 4589 1114 4643 item
1131 4585 1157 4643 3.
1170 4587 1208 4660 ff.
1227 4588 1253 4648 Ι,
1270 4606 1291 4647 t.
1311 4586 1371 4648 Nee
1386 4588 1479 4648 obsmt
1496 4610 1553 4648 noo.
1571 4587 1614 4649 82.
1633 4603 1689 4658 cap.
1708 4603 1803 4659 operm
1824 4604 1868 4644 ro.

202 4683 237 4721 ne
256 4665 333 4733 iuret.
353 4657 476 4734 Quodsi
494 4662 526 4732 is,
544 4662 589 4718 cui
606 4675 624 4714 a
643 4654 727 4726 iudice
744 4654 1020 4724 delementum
1048 4675 1113 4715 curn
1129 4659 1167 4716 ibi
1183 4658 1401 4730 deiurep'urendo
1418 4663 1609 4732 veritatisque
1620 4659 1797 4721 declarentur
1815 4663 1870 4715 im*

200 4748 324 4807 recuset,
352 4729 449 4804 iudicis
475 4742 540 4790 tunc
565 4740 605 4789 est
624 4727 846 4803 qualitercunque
872 4725 1018 4783 secundtun
1048 4745 1131 4798 unsar
1151 4729 1215 4801 litis,
1230 4745 1336 4804 matur.
1355 4730 1476 4794 Uinnius
1491 4733 1678 4806 solatiiquaecs.
1698 4729 1743 4790 ut.
1766 4747 1788 4788 r.
1807 4749 1868 4802 cap.

92 4825 110 4848 s
201 4805 241 4862 tei
259 4809 419 4876 veritatem,
447 4814 526 4876 prom
545 4801 669 4876 religioni
688 4799 771 4869 ipsius
794 4813 898 4877 meum
915 4796 1018 4857 vileli-
1047 4797 1092 4870 45.
1114 4801 1303 4866 Wisrsnbech
1314 4803 1355 4862 ad
1368 4801 1454 4864 rand
1465 4802 1491 4861 Ι.
1511 4807 1592 4867 cml.
1613 4823 1637 4863 r.
1651 4801 1773 4876 dirpai.
1791 4823 1868 4864 num.
