3994 5348
608 221 659 286 De
681 223 835 308 Eviliion.
854 227 886 282 st
900 219 1007 306 duplae
1019 223 1242 305 stipulatione.
1671 227 1744 306 279

123 323 157 370 lc
175 327 275 372 nomen
293 318 376 368 totius
394 313 518 380 retineat,
535 327 591 380 quse
608 311 690 388 vulgo
708 313 873 386 homogenea
890 328 937 380 ap
964 319 1062 382 emtori
1079 333 1136 370 non
1153 318 1254 379 tenerit
1272 309 1314 372 uti
1333 329 1383 380 nec
1400 309 1434 366 cle
1452 308 1521 382 aliis,
1537 325 1593 380 que
1611 309 1697 392 tacita
1716 321 1778 394 tatt-

123 380 254 452 pellatur,
274 381 356 441 veluti
373 375 450 438 fundi
469 380 574 440 venditi
591 383 668 440 semis
686 397 732 442 ant
751 382 803 440 alia
820 399 900 452 pars,
917 383 935 436 l.
964 398 1022 444 tum
1038 381 1270 456 accederesolent,
1287 375 1481 450 diponffib.
1493 396 1513 434 r.
1534 377 1587 462 n'el
1598 395 1685 464 magas
1694 379 1780 441 ridiro·

123 447 235 508 urinors'
256 445 307 578 ‚56
326 453 350 508 sr'
367 472 385 504 a
404 471 446 506 me
464 467 489 508 2.
508 451 526 508 Ι.
545 450 720 526 guifrrndum
737 449 780 524 ΙΙ.
802 453 819 508 Ι.
834 452 935 506 eamil-
966 461 994 510 ni
1011 472 1045 514 ex
1062 469 1145 526 emto,
1163 452 1206 509 vel
1225 457 1321 524 quanti
1339 453 1452 507 minoris
1471 449 1626 508 exaedtlttio
1643 449 1781 516 edidiolo·

124 519 149 581 ΙΙ
159 465 253 604 ΙΙΙΙ
286 540 324 578 ‚u
345 516 418 578 Nm
435 521 459 580 il
478 519 652 594 heterogepea
668 527 820 594 evincatur,
838 517 880 582 vel
898 521 936 576 rei
964 544 1011 584 cus
1027 537 1077 593 est,
1092 523 1140 585 ubi
1156 523 1519 583 servitutisonusinvenitur
1530 526 1689 590 impositum,
1705 521 1780 594 quad

123 589 280 662 principalis
298 593 429 662 accessio,
449 588 533 648 veluti
549 593 645 656 domus
661 607 708 652 sut
727 597 804 652 navis
823 592 936 652 vendite
964 614 981 650 a
1000 597 1259 666 venditore'sciente
1276 591 1553 662 dissimulatumerat,
1572 593 1589 646 Ι.
1607 591 1778 659 guorreos6t.

122 663 200 735 tigna
217 673 265 721 aut
284 657 399 730 tabule,
428 659 530 723 ancille
548 666 710 734 pregnantis
726 679 773 722 aut
792 681 876 727 vacce
894 663 936 720 di·
958 663 995 737 ff.
1015 663 1121 725 deadil.
1140 663 1232 733 odilla,
1249 680 1306 734 arg.
1326 665 1342 716 l.
1362 667 1390 718 io
1409 660 1554 744 sermione
1595 679 1618 718 ι.
1633 661 1665 729 ff.
1682 661 1784 724 hali.-

122 727 226 791 draus
245 743 334 798 partus
352 725 479 798 l'oetusve,
505 727 647 790 evitttonrs
664 737 774 798 nomine
792 748 847 790 non
865 732 937 790 obli·
966 740 1041 804 emti,
1058 733 1129 808 quod
1146 738 1172 794 iit
1191 735 1315 792 innuitur
1331 732 1349 786 l.
1371 729 1538 802 viditquid
1556 749 1594 788 ra.
1611 723 1638 806 6
1653 729 1776 801 r.ff.b.r.

121 815 201 878 gatru
217 801 446 930 tenditorcqquasi
463 799 548 858 evidla
566 817 670 930 parret
692 807 706 858 l.
725 826 790 864 eone
807 801 850 860 56.
878 803 895 858 l.
913 804 937 856 si
969 813 991 864 si
1010 803 1049 862 ibi
1066 821 1126 870 cauo
1136 800 1259 874 Cujacio,
1276 796 1446 860 Gothofredo
1461 807 1492 856 in
1509 805 1593 872 notis,
1609 801 1778 874 aliisquepro

138 889 253 946 regnam
270 869 314 936 ΙΙ·
376 865 535 937 ΙΙ-ΙΙΛ.
555 869 651 932 liceto
689 875 716 933 id
734 873 806 934 abiio
820 885 936 934 exemto
967 897 1054 941 server
1072 875 1176 958 legatur
1194 875 1314 952 servis-pf.
1335 869 1370 928 lit
1390 871 1444 928 hnc
1463 872 1512 941 ita,
1530 875 1552 930 si
1571 872 1651 953 modo
1660 890 1778 939 persen-

119 885 195 1006 lllud
212 939 247 994 Sit
264 939 430 1010 denegssfldas
450 939 521 998 unde
539 943 579 1012 Bt,
595 943 682 1003 evitis
700 964 729 1001 re
749 945 858 1004 vendita
875 959 936 1000 cum
966 948 1081 1004 tentiam
1099 943 1194 1016 pudicis
1214 939 1268 1001 hnc
1289 959 1354 1012 tura,
1371 947 1410 998 rei
1427 953 1502 998 emta
1513 955 1630 1008 pretium
1641 945 1781 1013 augentia,

123 1009 268 1076 accessioni
289 1028 337 1079 us,
363 1009 446 1067 deco
469 1009 540 1081 quod
557 1015 665 1071 accessit
695 1032 750 1070 non
781 1015 808 1070 in
827 1013 937 1084 duplum
964 1018 1062 1074 emtori
1078 1015 1211 1086 denegata
1229 1007 1346 1070 suerint:
1375 1027 1439 1066 nam
1457 1012 1479 1066 si
1496 1023 1583 1068 emtor
1599 1027 1675 1092 metu
1693 1013 1778 1072 mole·

123 1095 157 1149 ex
175 1076 323 1150 stipulatu,
341 1079 388 1134 sed
406 1091 512 1137 tantum
528 1099 561 1135 err
578 1095 651 1139 emto
669 1083 698 1140 in
716 1083 851 1154 simplum,
866 1087 895 1142 tu
913 1084 936 1138 si
965 1091 1077 1149 stiarum
1103 1085 1327 1150 &impensarum
1345 1078 1400 1136 litis
1418 1097 1508 1146 passus
1534 1083 1569 1137 sit
1588 1087 1692 1137 vicinos
1709 1099 1779 1151 qua-

124 1147 189 1220 quid
206 1149 318 1216 amplius
337 1149 464 1218 intersit,
481 1151 616 1220 agendum
633 1165 683 1224 est,
701 1157 847 1212 secundum
864 1149 936 1210 ordi·
965 1157 1029 1214 darn
1045 1157 1076 1212 in
1095 1149 1274 1223 preludiciutn
1292 1151 1436 1218 libertatis,
1461 1163 1508 1206 aut
1526 1152 1663 1211 servitutis
1681 1154 1780 1219 predio

122 1223 228 1274 nariam
247 1213 361 1274 abilonis
378 1217 444 1274 emti
464 1233 562 1276 natura
619 1221 732 1282 Liuilla
751 1245 777 1278 re
791 1225 829 1282 16.
836 1221 935 1296 ΜΛ.
966 1225 1079 1295 debita,
1106 1241 1186 1296 agere
1210 1237 1256 1283 aut
1274 1237 1431 1292 exstruere,
1456 1239 1514 1290 que
1541 1235 1640 1278 nocent
1684 1219 1778 1282 audio-

124 1279 207 1354 lu'ssll·
227 1283 244 1339 Ι·
264 1287 288 1339 5²⁹
304 1287 332 1341 ln
351 1285 549 1344 venstfiont‘io·
592 1289 674 1350 .b.t.
697 1293 773 1366 Quin
791 1296 830 1365 lit,
847 1295 870 1350 si
889 1294 937 1364 rei,
959 1299 1001 1352 'ris
1028 1295 1055 1352 id
1081 1293 1210 1352 damnum
1236 1311 1291 1352 esse
1318 1311 1373 1357 non
1402 1290 1502 1354 debet.
1529 1308 1590 1351 cum
1617 1261 1686 1349 niltil
1716 1310 1778 1352 vere

122 1375 181 1426 ΨΜ
198 1371 255 1410 11ῦο
272 1356 367 1424 spiritu
384 1359 550 1428 continetur,
569 1359 652 1424 veluti
670 1361 746 1422 bovis
763 1376 811 1422 aut
821 1368 936 1436 equinut
966 1361 1083 1424 eviiium
1100 1368 1145 1420 sit.
1167 1361 1245 1431 ttesp.
1262 1363 1354 1424 lnrisc.
1368 1357 1441 1421 Holl.
1451 1353 1543 1429 poni.
1561 1361 1611 1416 ool.
1621 1376 1647 1414 2.
1657 1381 1724 1418 coar.
1733 1359 1779 1434 69

124 1425 213 1494 servi,
241 1441 300 1492 pars
315 1421 405 1495 avana
423 1428 475 1496 sit,
501 1445 535 1484 ne
554 1443 614 1488 tum
632 1435 736 1502 quidem
754 1435 788 1492 de
805 1431 938 1493 evttttone
966 1433 1147 1504 mustacea.
1168 1425 1276 1492 Nostris
1293 1435 1403 1488 interim
1421 1429 1540 1488 moribus
1556 1429 1703 1496 simplicius
1719 1431 1780 1500 ple-

124 1511 159 1551 ex
172 1494 206 1546 vi
223 1493 422 1562 stipulationis,
449 1495 495 1554 sed
514 1511 622 1556 tantum
649 1521 683 1560 ex
701 1516 774 1560 emto
791 1499 862 1562 aetio
879 1517 918 1560 est
928 1544 937 1574 ,
966 1510 1031 1576 cuit,
1048 1516 1079 1560 nt
1094 1503 1199 1572 quoties
1215 1509 1358 1560 servitutes
1375 1501 1465 1570 aliquo
1474 1499 1529 1564 iure
1546 1502 1626 1558 simili
1647 1505 1779 1560 evincun-

125 1563 179 1620 nisi
195 1563 346 1632 specialiter
364 1567 447 1632 partis
464 1585 517 1638 quo
536 1586 567 1624 ue
585 1577 687 1628 mentio
705 1571 936 1644 suerttadjettain
968 1589 1019 1644 tor,
1037 1585 1172 1644 uteunque
1191 1573 1355 1629 nominatim
1372 1569 1474 1632 diuum
1490 1567 1581 1641 suerit,
1600 1570 1781 1630 resilltsone-

124 1629 210 1702 <¹⁰9¹ss
227 1633 409 1702 stipulatione,
426 1633 444 1690 Ι.
456 1585 589 1698 stallium
599 1640 641 1698 56.
659 1633 685 1714 6.
696 1645 727 1698 in
738 1644 935 1711 stipulationes.
968 1643 1041 1714 ribus
1059 1661 1114 1698 non
1133 1660 1190 1700 esse
1207 1641 1361 1708 obnoxias,
1381 1642 1421 1699 vel
1439 1646 1583 1696 servitutes
1601 1639 1682 1699 rebus
1699 1643 1779 1701 emtis

121 1697 156 1772 ff.
175 1701 200 1758 Ι.
217 1717 239 1758 t.
268 1701 327 1760 Nec
344 1699 408 1760 huic
425 1709 591 1766 contrarium
608 1725 665 1782 est,
682 1714 753 1780 quocl
771 1713 839 1781 apud
858 1710 937 1784 Pomss
966 1733 1021 1770 esse
1037 1707 1163 1780 debitis,
1189 1711 1223 1768 ad
1241 1709 1269 1768 id
1286 1713 1357 1790 quod
1374 1713 1598 1770 interaneorum
1620 1725 1693 1782 aget,
1713 1727 1779 1770 ven-

125 1773 237 1842 Ιθῡῑῑῑῐη
254 1769 366 1844 legitur,
381 1775 405 1830 δί
419 1779 937 1854 eommunidividundomecumallum
966 1783 1080 1840 ditionis
1096 1775 1237 1838 continuo
1264 1785 1292 1838 in
1311 1798 1358 1838 suo
1376 1786 1469 1846 vigore
1491 1783 1666 1846 persistente.
1696 1777 1779 1856 Hugo

125 1843 155 1900 dr
172 1841 326 1899 adversario
334 1862 423 1900 servus
433 1846 599 1911 adiudicatus
608 1855 651 1922 sit,
668 1857 731 1920 quia
741 1849 863 1922 probavit
874 1869 936 1910 eum
967 1849 1081 1910 Grotius
1099 1847 1210 1908 rnooad.
1220 1849 1370 1920 adiuriipr.
1380 1850 1452 1906 Hill.
1463 1847 1506 1906 lib.
1519 1849 1778 1919 inopinantes.

126 1927 296 1968 communem
304 1930 370 1982 esse,
388 1912 543 1974 habiturum
561 1933 603 1976 me
620 1940 652 1980 ex
668 1921 753 1990 duple
763 1921 937 1990 stipulatione
1005 1935 1045 1992 17.
1064 1919 1159 2049 nfunt
1175 1917 1210 1978 de
1221 1917 1356 1978 evitlione
1373 1938 1429 1978 non
1439 1935 1554 1980 emtores
1564 1933 1671 1978 tantum
1680 1919 1781 1992 aliisue

126 1977 276 2048 abiionems
294 1983 357 2052 quia
377 2001 431 2040 non
451 1990 570 2056 interest,
589 2008 642 2058 quo
652 2009 749 2064 genere
760 1989 850 2060 judicii
861 1994 936 2050 evin·
968 1989 1008 2060 bis
1025 1991 1086 2048 simi
1098 2010 1134 2060 es,
1151 1989 1197 2062 qui
1214 2007 1247 2046 ex
1264 1997 1350 2048 causis
1367 1992 1485 2055 superius
1502 1991 1640 2051 recensitis
1653 2008 1710 2048 rem
1728 2007 1779 2048 na-

125 2061 212 2120 setur,
229 2063 265 2107 ut*
277 2051 344 2108 mihi
362 2049 461 2112 habere
479 2074 534 2112 non
552 2057 641 2130 liceat,
658 2061 676 2116 Ι.
690 2065 714 2118 ri
722 2057 936 2132 anancipiumb'l.
966 2053 1003 2118 et
1020 2077 1109 2118 rursus
1126 2080 1171 2130 per
1187 2065 1349 2126 sententiam
1366 2069 1531 2130 amiserunt,
1557 2061 1605 2120 sed
1620 2063 1651 2120 dr
1669 2059 1780 2119 heredes

124 2113 151 2192 6.
169 2124 193 2176 si
209 2121 388 2202 communia.
400 2121 437 2194 ff.
456 2123 481 2180 Ι.
491 2141 510 2180 r.
529 2122 594 2184 Non
613 2134 685 2187 enim
705 2129 761 2190 illic
780 2151 840 2202 pars
857 2133 938 2200 servi,
966 2140 1076 2201 eorum,
1094 2149 1151 2188 non
1168 2135 1233 2187 item
1251 2148 1413 2191 successores
1431 2128 1612 2202 particulares,
1630 2130 1720 2199 quales
1736 2150 1779 2188 se·

125 2187 172 2246 seri
187 2203 297 2313 Fropter
313 2191 540 2260 adjudicationem
559 2199 744 2268 interpositam
761 2205 795 2260 dr
812 2201 936 2258 adversa-
966 2203 1048 2258 cundi
1065 2214 1199 2267 emtores,
1216 2199 1269 2254 nisi
1286 2201 1319 2264 iis
1336 2200 1371 2258 ab
1388 2216 1492 2260 emtore
1518 2203 1604 2270 primo
1621 2200 1692 2260 aelio
1708 2217 1781 2260 cessa

126 2261 168 2316 rio
198 2257 286 2315 ²82¹ss
303 2271 376 2315 totus
395 2281 485 2320 servus
502 2263 604 2324 evtttus
621 2283 697 2330 erat:
716 2291 767 2328 nec
785 2269 840 2328 ulla
860 2289 938 2339 penes
966 2269 1001 2326 sit
1035 2269 1054 2325 Ι.
1074 2273 1098 2325 ri
1114 2290 1155 2325 m
1172 2267 1216 2338 59.
1228 2263 1265 2336 ff.
1280 2267 1307 2327 Ι.
1326 2288 1345 2328 r.
1365 2285 1460 2330 contra
1480 2271 1633 2330 venditores
1658 2271 1780 2338 aliosque

123 2341 332 2412 emtorem'pars
347 2332 512 2392 remanebat.
532 2333 630 2409 Plane,
646 2342 668 2396 si
687 2359 719 2398 ex
737 2347 818 2398 servis
835 2338 938 2398 duobus
968 2310 1047 2412 vulgo
1064 2335 1150 2396 didios
1169 2353 1297 2410 auctores,
1314 2343 1444 2400 &eorum
1463 2339 1579 2410 heredes,
1596 2357 1779 2420 mmexcpn.

125 2413 181 2454 ¹¹⁰⁰
199 2411 286 2467 Pret¹0
305 2401 422 2458 venditis
438 2404 669 2480 unusevidiussit,
687 2413 720 2470 de
729 2409 862 2468 eviliione
873 2429 938 2466 ven·
968 2409 1095 2466 ventione
1111 2405 1244 2481 obligatio
1263 2423 1330 2468 nata
1348 2417 1401 2477 sits
1419 2429 1469 2472 nec
1484 2429 1540 2468 non
1556 2423 1655 2466 contra
1674 2409 1780 2476 filetus·

124 2467 198 2524 ditor
213 2465 358 2549 obsttilius
373 2484 422 2542 est,
440 2486 675 2542 utcunqueservus
689 2475 937 2538 nonevidiustanti
966 2497 1056 2548 sores,
1074 2475 1220 2550 horumque
1238 2473 1364 2552 heredes,
1392 2481 1409 2534 Ι.
1428 2499 1535 2540 auersos
1553 2495 1578 2550 7.
1597 2481 1614 2534 l.
1632 2484 1778 2557 irrepsisse
1825 2537 1828 2544 ⁴

125 2535 234 2610 valeat,
259 2539 354 2608 eustati
372 2553 482 2616 uterque
498 2545 576 2603 simul
593 2561 680 2607 emtus
699 2547 770 2623 fuit,
797 2551 815 2605 Ι.
834 2553 857 2608 si
873 2547 937 2608 duos
969 2568 1012 2608 rr.
1031 2546 1049 2604 Ι.
1069 2551 1092 2605 si
1109 2543 1246 2623 sensatuli.
1268 2550 1285 2604 Ι.
1296 2551 1344 2606 ult.
1361 2551 1391 2612 C.
1410 2547 1436 2606 Ι.
1454 2569 1474 2606 r.
1492 2555 1575 2608 etiam
1591 2567 1654 2607 cum
1673 2548 1780 2608 fideius-

125 2627 215 2665 W'Wf
223 2603 276 2734 f67·
292 2604 327 2678 ffi
345 2607 370 2664 b·
389 2627 409 2668 t.
677 2617 680 2626 ’
966 2637 1036 2676 sores
1055 2624 1223 2690 prominere
1242 2619 1381 2680 venditore
1392 2617 1590 2690 fidejusserunt,
1608 2623 1668 2678 &is
1686 2619 1783 2676 adver.

165 2675 203 2736 16.
245 2681 299 2734 arti
317 2690 408 2738 tamen
427 2681 596 2758 homdgeneae
613 2685 706 2748 evius
725 2687 754 2745 in
773 2684 828 2758 iure
846 2706 937 2746 nostro
965 2709 1008 2746 sus
1024 2687 1210 2746 venditionem
1226 2689 1367 2756 restitutus
1383 2703 1442 2762 est,
1466 2693 1484 2746 Ι.
1516 2707 1537 2746 t.
1566 2691 1594 2746 C
1609 2687 1645 2746 ¹de
1654 2685 1778 2762 fidaiurr.

113 2757 318 2818 'comparatum
335 2752 359 2803 si
374 2752 415 2808 rei
433 2755 546 2817 vendite
565 2755 729 2816 usust-uetus
738 2757 781 2814 vel
790 2778 851 2816 usus
860 2761 936 2816 evin·
965 2753 1186 2827 minorumoQua
1195 2760 1335 2820 occasione
1343 2761 1505 2828 duprrtatum
1512 2759 1624 2816 invenio
1633 2759 1702 2830 aptrd
1714 2757 1781 2816 aar.

125 2830 219 2886 catur,
236 2819 298 2886 quia
317 2825 337 2874 is
355 2819 446 2878 multis
465 2829 492 2878 in
510 2825 616 2887 casibus
633 2827 826 2898 dominit‘pars
843 2844 899 2900 est,
918 2833 934 2888 Ι.
964 2823 1127 2888 Mattheum
1144 2825 1177 2880 de
1194 2831 1310 2884 aristion.
1329 2827 1373 2886 lib.
1395 2851 1416 2888 t.
1436 2846 1493 2900 cop.
1517 2827 1557 2897 ιΙ.
1574 2851 1601 2887 n.
1621 2843 1646 2899 7.
1676 2845 1712 2886 an
1729 2845 1780 2898 au·
1870 2855 1874 2861 ·

117 2883 250 2959 fundum,
268 2891 346 2946 cu'ur
361 2889 407 3012 ΙΙ.
435 2891 452 2946 Ι.
472 2897 496 2949 ri
513 2893 547 2948 ab
563 2915 661 2952 emtore
678 2899 721 2970 Ι9,
740 2897 757 2952 Ι.
777 2899 801 2954 ri
818 2921 874 2954 rem
891 2897 934 2956 62.
965 2897 1023 2956 Eior
1040 2911 1088 2956 aut
1107 2891 1243 2962 fideiussor·
1261 2899 1291 2954 in
1310 2913 1464 2964 perpetuum
1483 2901 1517 2958 de
1534 2895 1668 2956 eviliione
1684 2911 1780 2954 tenen-

124 2951 151 3032 Ι·
169 2955 268 3026 uli-ff·
305 2975 342 3012 ·t.
373 2963 427 3016 .in
445 2963 576 3020 vendendo
592 2965 636 3022 66.
649 2965 686 3036 ffi
703 2967 934 3026 anconitanam.
960 2981 1019 3037 tur,
1034 2971 1058 3023 si
1075 2967 1245 3037 promiserint
1263 2986 1296 3026 ex
1307 2965 1422 3026 formula
1440 2971 1554 3038 quadam
1564 2983 1671 3040 recepta
1688 2971 1781 3026 recoi-

125 3027 143 3082 Ι·
164 3030 298 3104 ”illlam
315 3029 369 3083 lm
387 3023 429 3084 33·
446 3025 472 3104 6
492 3035 516 3088 si
531 3037 587 3104 poti
605 3033 677 3106 fhrre
694 3033 769 3109 Μ.
789 3037 820 3092 de
839 3037 934 3095 orobos.
964 3041 1074 3096 ctionem
1089 3039 1246 3105 presviteros
1263 3041 1291 3094 in
1308 3055 1413 3096 annum
1430 3039 1463 3103 Θ
1480 3036 1577 3096 deon?
1594 3038 1630 3112 (’r
1650 3035 1781 3096 uecordes

124 3096 198 3170 ollig-
217 3093 299 3161 lun&-
320 3099 338 3152 l·
356 3095 521 3168 ususfrulioi
548 3107 577 3160 ir.
595 3108 686 3163 tnulu'r
703 3099 729 3174 Ι.
749 3103 785 3176 ffl
801 3105 832 3164 de
849 3105 934 3182 usust
960 3107 1028 3184 good
1041 3125 1067 3164 re
1084 3123 1174 3164 waren
1191 3128 1251 3164 uoor
1267 3108 1333 3166 laos
1345 3129 1383 3181 gn
1400 3107 1484 3183 Dag)
1500 3112 1528 3168 ὃ(
1546 3111 1577 3166 iu
1596 3111 1623 3168 id
1646 3107 1780 3165 inclinare

125 3166 160 3230 ΙΙ
177 3165 300 3250 l‘mf’ad·
319 3171 376 3236 quir
394 3185 464 3226 urar.
492 3171 535 3229 vel
555 3169 595 3240 ius
613 3175 809 3250 emphyteusim
826 3192 873 3234 aut
891 3198 935 3236 su·
966 3183 1053 3234 virum
1071 3172 1272 3247 doblissimum,
1291 3193 1320 3236 ut
1338 3181 1475 3238 existimet
1492 3193 1645 3247 perpetuam
1663 3177 1727 3234 inde
1745 3175 1780 3232 de

125 3241 252 3306 Peshclfflr
269 3251 327 3312 3Γὲ-
346 3237 372 3291 d·
391 3237 409 3294 l·
420 3233 463 3294 ΙΙ·
480 3237 507 3315 Ι·
519 3237 544 3298 3·
556 3239 595 3314 ffl
613 3245 645 3300 de
664 3245 730 3306 verb·
742 3245 793 3302 ΙΙΙ
811 3288 817 3302 .
834 3246 876 3304 vel
895 3251 935 3316 pi·
963 3245 1096 3306 evietione
1113 3243 1308 3316 obligationem
1325 3268 1389 3306 esse.
1407 3245 1487 3320 Quod
1506 3251 1558 3304 etsi
1585 3252 1670 3316 prima
1687 3241 1782 3302 fronte

124 3310 226 3383 gnaris,
243 3307 391 3364 secundum
410 3321 474 3367 ante
492 3311 594 3370 tradita
610 3335 637 3388 a.
653 3337 673 3374 t.
686 3317 711 3372 Ι.
722 3333 742 3372 r.
763 3267 805 3372 vell
820 3319 935 3376 servitus
964 3319 1063 3372 mirum
1081 3315 1166 3374 videri
1175 3331 1273 3388 potest,
1290 3315 1361 3384 justo
1379 3333 1469 3376 tamen
1480 3316 1656 3376 fundamento
1672 3317 1782 3386 nititur,

124 3377 218 3446 stalis,
235 3392 316 3441 quam
334 3379 461 3436 venditor
471 3383 633 3438 nominatim
644 3387 750 3444 dixerat
779 3387 939 3454 taedioven·¹
964 3399 1022 3444 tum
1038 3388 1121 3454 quia,
1138 3377 1157 3453 (
1165 3389 1205 3446 uti
1224 3389 1294 3444 idern
1312 3386 1406 3446 audior
1424 3387 1523 3444 ibidem
1546 3384 1648 3456 babet)
1675 3398 1779 3451 tempus

125 3447 185 3505 dito
201 3463 378 3518 accessuram,
395 3449 414 3505 l,
422 3465 480 3518 pen.
492 3447 530 3520 ff.
548 3451 575 3509 Ι.
586 3469 606 3508 r.
625 3455 642 3510 l.
661 3456 690 3512 in
699 3478 749 3513 veo
766 3453 884 3513 eurota.
897 3453 934 3528 ff.
966 3455 1073 3514 finitum
1090 3471 1139 3531 pro
1156 3453 1265 3516 infinito
1282 3468 1439 3528 usurpatum
1458 3458 1584 3524 videtur,-
1601 3471 1658 3514 tum
1670 3456 1778 3525 etiam,

124 3515 158 3570 de
176 3515 291 3574 smarab.
310 3536 373 3576 einr.
400 3523 519 3592 eoquod
548 3541 602 3580 non
622 3527 747 3594 predium
765 3527 864 3598 modo,
889 3525 936 3584 sed
964 3528 992 3584 ἃ
1011 3542 1071 3582 mee
1088 3521 1194 3592 quidem
1209 3529 1337 3596 opinione
1364 3529 1484 3598 recipue,
1502 3530 1564 3600 quia
1573 3525 1781 3584 secunduman-

123 3590 152 3645 dt
170 3591 226 3656 ipsa
242 3591 357 3646 servitus
373 3591 473 3658 predio
489 3590 579 3652 debita
607 3607 672 3654 tunc
690 3597 853 3654 nominatim
870 3615 936 3654 ven·
965 3595 1054 3666 tiquos
1074 3591 1217 3652 Dioecesios
1236 3543 1415 3667 Uttnjetlins
1434 3599 1520 3655 mores
1539 3611 1684 3654 nemorem
1703 3609 1779 3651 suam

124 3655 182 3712 ‘illa
201 3657 381 3728 inlelllglffl‘s
408 3673 489 3728 atque
504 3669 542 3720 ita
559 3661 677 3724 evitium
703 3667 839 3734 adipsum
865 3667 936 3737 quod
965 3665 1038 3722 ultra
1055 3682 1157 3721 annum
1174 3669 1202 3724 dr
1220 3665 1310 3734 diem,
1327 3685 1372 3724 seu
1389 3684 1437 3724 sert
1453 3669 1616 3736 septimanas
1641 3663 1781 3721 vindicare

124 3725 289 3782 nominatim
303 3739 407 3792 ¹emtum
427 3727 497 3786 luit.
518 3729 592 3788 Nam
609 3737 637 3794 dr
655 3740 678 3792 si
694 3735 747 3792 alia
765 3740 805 3792 rei
822 3736 935 3792 vendite
966 3746 1093 3805 poterat,
1121 3738 1162 3799 uti
1181 3734 1207 3793 id
1226 3734 1330 3802 plenius
1348 3735 1427 3794 docet
1447 3739 1518 3795 idem
1529 3736 1614 3809 [volnt.
1632 3731 1781 3790 Mattheus

123 3811 263 3852 accessura
280 3814 336 3852 esse
353 3798 504 3864 specialiter
520 3810 696 3878 convenerit,
721 3805 754 3863 de
770 3821 863 3860 eorum
879 3806 936 3860 evi-
966 3801 998 3858 de
1015 3821 1088 3860 auct.
1107 3799 1152 3860 lib.
1175 3819 1263 3872 neap.
1284 3823 1324 3862 rt.
1336 3824 1361 3862 n.
1380 3801 1427 3862 30.
1443 3805 1548 3863 iamed.
1567 3821 1669 3862 accunt
1686 3798 1784 3879 eslere

77 3915 80 3921 .
126 3861 218 3923 dlione
235 3867 264 3922 in
283 3865 408 3934 simplum
425 3871 468 3940 agi
485 3882 589 3956 potest,
616 3872 634 3928 Ι.
653 3878 722 3932 serui
738 3873 854 3931 aaudiat
874 3873 900 3930 5.
919 3875 935 3928 Ι.
965 3879 1129 3932 conveniunt
1147 3879 1260 3942 antiqua
1290 3871 1442 3933 Hollandie
1462 3889 1539 3944 rura,
1556 3875 1703 3934 secundum
1721 3889 1778 3942 qua

127 3935 214 3992 suillo
232 3955 260 3990 re
282 3935 321 3992 16.
336 3933 371 4006 ffi
389 3937 413 3993 b.
433 3955 453 3994 r.
473 3937 563 3995 bimili
581 3943 706 4012 ratione,
722 3947 744 3998 si
762 3939 878 4016 fundus,
897 3947 938 4004 uri
968 3943 1169 4012 nulluspoterat
1186 3941 1347 4002 cavillionem
1358 3947 1416 4013 pati
1434 3947 1594 4014 praediorum
1603 3958 1661 4014 post
1677 3957 1781 4002 annum

123 4007 237 4076 optimus
254 4009 437 4078 maximusque
456 4023 503 4080 est,
520 4011 661 4071 distradius
681 4009 769 4082 fuerit,
787 4017 814 4072 dr
833 4016 937 4072 vicinus
969 4014 1092 4084 &diem
1109 4031 1143 4072 ex
1161 4031 1215 4085 quo
1230 4013 1277 4073 illa
1295 4021 1320 4072 ei
1338 4032 1429 4072 cotom
1447 4015 1569 4088 legeloci
1586 4015 1687 4072 tradita
1713 4012 1781 4071 &id

125 4075 283 4132 servitutem
300 4079 428 4145 evincat,
447 4089 575 4149 tanquam
593 4099 640 4149 per
657 4084 738 4139 istum
756 4081 869 4144 fundunt
887 4081 938 4140 sibi
969 4080 1220 4144 intrinsecarum
1238 4080 1329 4142 fuisset
1357 4096 1435 4154 prout
1454 4083 1508 4142 hac
1525 4051 1703 4152 explicataeb
1721 4079 1784 4138 Hu-

124 4146 321 4218 ⁶0¹¹⁵tlt²¹t²ma
347 4143 483 4204 annornm
505 4150 539 4207 de
556 4153 695 4208 servitutis
712 4157 788 4208 istius
804 4151 938 4212 evititone
968 4171 1037 4224 gone
1055 4151 1155 4210 Grotio
1172 4152 1283 4212 manual.
1302 4127 1498 4225 odiuoispvud.
1525 4154 1597 4210 Holl.
1614 4151 1659 4210 lib.
1677 4168 1705 4210 a.
1725 4168 1783 4220 cap.

125 4211 276 4288 obligatum
296 4213 395 4274 babet:
413 4217 441 4274 id
460 4223 533 4274 enim
551 4223 601 4276 ista
611 4219 725 4277 formula
735 4224 824 4294 agitur
834 4235 863 4278 ut
873 4244 938 4295 pre·
971 4239 995 4294 7.
1014 4243 1087 4278 num.
1106 4221 1149 4279 all.
1166 4221 1199 4286 (9¹
1218 4243 1283 4296 seqq.
1301 4223 1372 4282 Cum
1388 4241 1453 4298 ergo
1470 4241 1525 4282 non
1544 4224 1617 4282 ultra
1634 4237 1737 4280 annum
1753 4223 1782 4280 tc

125 4283 203 4342 dium
219 4298 357 4352 prestetur
376 4285 490 4348 liberum
509 4287 544 4345 ab
561 4293 637 4348 omni
655 4293 805 4360 servitute3
822 4293 939 4362 adeoque
970 4293 1042 4349 diem
1059 4292 1201 4352 evieiionis
1218 4293 1329 4350 licentis
1347 4299 1465 4363 pristinis
1482 4311 1570 4352 rernm
1585 4294 1704 4352 dominis
1720 4308 1782 4358 per-

125 4371 187 4410 cum
205 4357 304 4424 prndio
322 4353 431 4415 libertas
448 4375 552 4428 quoque
577 4359 613 4415 ab
630 4361 757 4420 oneribus
780 4365 940 4420 nominatim
972 4363 1143 4434 mitteretur,
1160 4363 1222 4431 quid
1242 4371 1337 4420 mirum
1348 4406 1358 4436 ,
1382 4365 1405 4420 si
1424 4367 1451 4422 dr
1478 4361 1623 4421 evi6ionis
1640 4363 1780 4432 promissio

126 4439 280 4494 comparata
298 4425 437 4486 confertur
447 4445 457 4496 3
475 4431 603 4488 undenec
623 4432 722 4489 mirum
732 4447 782 4505 est,
800 4435 824 4489 si
834 4427 872 4490 de
885 4438 941 4491 evi·
973 4428 1087 4490 formula
1116 4446 1221 4490 tantum
1239 4434 1268 4488 in
1286 4451 1389 4490 annaun
1407 4436 1435 4492 dr
1451 4433 1525 4492 diem
1542 4447 1680 4500 concepta,
1697 4438 1783 4512 inter·-

126 4493 218 4574 diione
234 4499 390 4564 experiundi
408 4511 525 4570 potestas
543 4501 681 4557 tuncdata
692 4503 736 4572 sit,
755 4504 773 4560 l.
781 4519 839 4571 pen.
851 4503 869 4558 Ι.
880 4523 941 4559 cum
972 4501 1058 4568 posita
1076 4475 1168 4574 luerit,
1184 4505 1212 4561 dr
1228 4515 1320 4559 tamen
1340 4500 1391 4558 inc
1408 4505 1466 4572 ipso
1483 4501 1666 4572 plenissimam
1681 4503 1782 4558 deevr·

116 4565 277 4636 luadurlti.
288 4564 328 4640 ff
348 4567 373 4627 Ι.
384 4586 402 4625 s.
422 4571 440 4624 l.
458 4589 520 4625 crim
538 4569 659 4628 venderes
669 4571 711 4638 bu.
723 4569 762 4645 ffi
782 4571 939 4642 dromoni.
971 4569 1061 4629 biione
1079 4576 1106 4628 in
1117 4586 1271 4641 perpetuum
1287 4569 1517 4640 comprehenderit
1527 4567 1718 4627 securitatem?
1735 4582 1784 4624 aut

128 4650 192 4691 einr·
210 4633 297 4694 Eitra
316 4635 459 4699 bossasus
475 4642 561 4714 tnagis
579 4643 666 4698 visum
685 4639 753 4712 fuit,
773 4645 941 4701 venditorem
971 4659 1027 4708 que
1045 4640 1204 4714 absurditas,
1222 4643 1245 4704 si
1263 4643 1322 4713 quis
1338 4643 1489 4723 etiamnum
1507 4639 1585 4724 bodie
1603 4637 1722 4698 formula
1738 4657 1786 4708 ’re-

126 4703 164 4762 ob
181 4705 344 4766 eviettonem
361 4711 506 4780 servitutis,
526 4726 580 4781 que
598 4711 684 4769 fundo
700 4711 857 4770 credebatur
867 4729 939 4768 com·
967 4723 1027 4768 tere
1045 4713 1085 4768 uti
1104 4713 1207 4782 volens,
1224 4715 1307 4772 etiam
1323 4730 1379 4780 etus
1397 4713 1693 4780 interpretationemex
1710 4724 1785 4766 more

123 4777 244 4853 petiisse,
262 4777 424 4852 velalicuius
441 4799 523 4841 onere
541 4782 639 4844 fundus
648 4781 716 4844 liber
724 4781 946 4868 existintabatur,
970 4777 1106 4853 maiorum
1120 4785 1235 4858 mutant
1250 4783 1377 4846 adversis
1404 4801 1434 4842 se
1459 4776 1604 4854 patiatur?
1626 4783 1788 4852 presertim,
