3994 5350
738 229 789 295 Dc
812 206 1001 295 Hereditatis
1019 222 1070 292 vel
1096 223 1223 293 idione
1247 227 1307 294 iic.
1466 255 1467 258 ¹
1688 222 1757 316 167

144 315 298 384 venditioni
316 320 345 383 dt
362 317 489 380 22221201·
502 317 620 384 norninls
648 321 782 390 appositis.
810 317 886 380 Nam
912 327 960 378 etsi
987 330 1019 376 ut
1037 315 1105 390 juret
1121 318 1206 390 21102,
1222 331 1323 393 quanto
1342 332 1439 376 nomen
1458 315 1545 386 pretio
1561 327 1746 388 comparatum
1762 315 1798 374 ab

147 407 240 454 verum
255 395 301 459 sit.
318 393 479 452 donationes
500 390 622 448 revocari
640 407 723 462 posse,
740 398 763 448 si
780 409 825 461 prr
843 393 960 450 donata
986 407 1018 446 eo
1035 389 1081 460 sit,
1098 387 1212 464 Grotius
1229 385 1339 444 manisd.
1359 386 1518 456 adinrispr.
1537 387 1609 444 Holl.
1630 385 1686 443 libi.
1706 384 1730 442 5.
1741 407 1798 460 cap.

146 467 217 522 rium
234 461 286 538 hgi
304 463 461 522 donationis
477 460 692 532 obtemperatum
707 479 765 520 non
782 463 834 534 sit,
851 460 870 517 1.
890 478 913 517 2.
931 461 959 516 C.
992 457 1031 515 rb
1050 478 1124 516 nam.
1148 473 1190 528 17.
1212 454 1251 515 rss.
1270 456 1351 529 Resp.
1367 457 1458 516 lutisc.
1484 455 1560 514 Holl.
1577 473 1645 526 part.
1665 455 1689 514 5.
1709 461 1798 517 consil.

145 533 178 590 dc
196 533 289 591 donat.
304 551 360 604 pru
377 530 425 590 svb
445 533 536 602 modo,
561 533 577 588 l.
596 533 644 590 ult.
663 531 693 587 C.
710 531 743 588 de
759 529 896 587 remeanti.
914 527 959 586 do-
986 525 1029 606 89.
1048 541 1077 584 ut
1095 533 1135 586 ita
1150 527 1243 586 oblata
1259 528 1354 586 eadem
1371 526 1523 595 quantitate
1535 526 1665 584 liberetur
1682 525 1798 596 debitor,

143 618 201 660 nat.
219 604 248 662 id
271 615 361 662 tamen
380 603 414 662 ad
430 602 624 660 conventiones
632 618 769 667 onerosas,
779 603 907 668 precipue
924 599 959 656 acl
985 614 1060 666 cujus
1078 595 1154 656 lttcro
1171 598 1302 669 reliquum
1317 597 1412 656 cedere
1428 595 1471 654 vel
1488 598 1552 654 inde
1569 609 1650 667 patet,
1676 599 1747 668 quod
1765 619 1796 656 u-

145 672 428 744 renditlonisnegotia
446 673 644 742 producendum
662 689 718 728 non
734 683 789 738 est3
815 672 912 741 quippe
929 669 958 724 in
986 673 1074 736 trique
1090 681 1149 724 tom
1166 673 1262 726 emtori
1281 679 1340 723 tum
1358 665 1494 726 venditori
1503 664 1655 724 ailioultra
1674 668 1712 737 id,
1744 670 1797 726 uod

143 742 240 811 quibus
256 744 279 800 si
306 741 436 801 alteruter
464 740 681 800 contrahentium
705 757 767 815 non,
785 739 896 808 impleat
915 757 957 808 ea,
986 747 1074 794 emtor
1089 739 1173 806 dedit,
1190 739 1258 796 dene
1293 751 1322 794 te
1338 748 1388 808 est,
1405 736 1424 792 1.
1442 735 1478 790 ab
1495 737 1644 800 Anastasis
1660 685 1749 814 aid.
1765 757 1791 795 1.

143 815 251 882 adque
268 831 324 871 sese
341 809 482 870 contradlu
498 812 656 870 devinxerat
693 811 821 884 repetitio
838 809 958 869 transit·
986 821 1011 864 a.
1031 806 1059 862 C.
1078 807 1213 864 mandati.
1261 824 1325 876 eque
1343 804 1388 861 hic
1405 804 1540 864 suffecerit
1564 805 1599 862 cle
1615 807 1693 876 pretii
1720 824 1796 864 uras·

141 895 232 940 torum
248 882 390 955 denegata,
406 885 435 941 dt
451 881 509 939 sola
537 882 572 940 ad
600 853 764 948 implendum
791 875 957 946 contradium
983 895 1014 934 se
1031 877 1226 948 promissione,
1251 877 1297 934 sed
1324 888 1455 947 quantum
1474 893 1536 934 vere
1563 891 1594 930 sc
1621 877 1678 930 sinc
1696 821 1791 934 dante

146 952 295 1021 personalis
313 949 388 1010 silio
404 952 542 1016 adversus
561 947 752 1009 refradiarium
780 949 845 1007 data
863 947 915 1006 luit
939 949 956 1002 1.
988 959 1158 1004 numeratum
1175 945 1210 1002 ab
1219 962 1320 1004 emtore
1337 962 1383 1003 seu
1391 947 1484 1002 datum
1501 944 1573 1016 sit,l.
1584 941 1628 1012 24.
1647 943 1706 1000 Cvd.
1717 965 1796 1001 man·
1821 992 1823 1004 .

1 981 2 1070 1
74 1029 79 1039 ’
141 1022 248 1078 incivile
269 1039 309 1080 22.
328 1023 356 1078 C.
375 1019 406 1077 dr
424 1025 462 1077 rvi
479 1020 552 1078 vind.
583 1022 694 1090 dpailo
720 1037 895 1082 successorum
913 1017 956 1075 26.
978 1014 1054 1087 'dati
1071 1013 1126 1075 Res
1140 1055 1152 1103 Ι.
1169 1015 1261 1075 lurisc.
1281 1013 1358 1074 11011.
1382 1029 1451 1084 part.
1469 1009 1498 1068 5.
1518 1016 1567 1072 vol.
1593 1029 1619 1070 2.
1637 1015 1725 1070 consil.
1752 1012 1796 1085 54.
1888 1079 1889 1082 ¹

142 1096 174 1148 ia
182 1090 241 1164 fine
257 1092 286 1149 C.
305 1089 338 1146 dc
351 1091 453 1161 pciiiri
475 1089 560 1164 Plane
576 1103 676 1148 mutuo*
700 1093 815 1146 ementis
840 1103 873 1142 ac
890 1103 957 1146 ven·
985 1105 1061 1142 num.
1079 1102 1102 1143 2.
1177 1087 1283 1156 quade
1303 1086 1459 1143 venditione
1474 1079 1545 1142 dieti
1563 1084 1795 1155 2222101221)-

144 1161 235 1219 dentie
251 1179 384 1219 consensu
400 1177 477 1231 posse
494 1177 511 1216 e
528 1161 646 1217 cessione
662 1155 735 1216 satta
750 1157 857 1228 resiliri,
874 1163 957 1214 etiam
986 1173 1020 1212 nc
1037 1155 1204 1215 insolutum
1221 1161 1304 1212 etiam
1322 1153 1447 1212 obtinere
1457 1160 1544 1210 verius
1559 1167 1612 1224 est,
1627 1170 1690 1209 cum
1707 1158 1734 1214 dt
1755 1173 1797 1210 re-

143 1230 235 1286 invito
248 1228 382 1301 debitore,
398 1229 511 1288 dubium
528 1245 585 1287 non
604 1241 655 1301 cst,
671 1243 734 1286 cum
751 1223 823 1284 nihii
839 1239 897 1282 tam
907 1244 956 1283 na·
985 1221 1102 1283 tradunt
1120 1227 1149 1280 in
1168 1243 1200 1283 ea
1217 1227 1345 1284 emtionis
1361 1222 1640 1294 exemploadmlssum
1656 1241 1722 1294 esse,
1730 1239 1797 1292 pra·

142 1299 231 1358 mrale
240 1301 286 1370 sit,
296 1315 377 1371 quim
394 1299 599 1423 unumquodque
615 1300 709 1357 eodem
722 1315 825 1371 genere
836 1295 957 1368 dissolvi,
984 1297 1098 1354 cedente
1115 1295 1197 1352 titulo
1214 1293 1316 1352 diilum
1333 1295 1393 1362 site
1403 1297 1432 1354 dr
1449 1293 1526 1350 datio
1553 1298 1581 1349 in
1606 1292 1724 1350 solutum
1741 1309 1798 1349 errr-

57 1434 61 1444 ,
140 1383 196 1440 quo
212 1368 372 1442 colligatum
389 1382 439 1440 est,
456 1369 474 1423 1.
488 1369 551 1426 22111
577 1386 637 1424 tam
665 1368 791 1426 naturale
817 1361 859 1423 55.
869 1363 906 1438 ff.
923 1366 957 1421 de
984 1362 1796 1435 2102210122222νί2222212212222,220222222022212222012222111-

143 1459 194 1514 reg.
205 1441 294 1512 juris,
311 1442 340 1498 dr
358 1440 431 1496 ratio
449 1435 523 1494 nulla
540 1452 674 1509 appareat,
700 1455 749 1494 cur
777 1453 831 1492 non
851 1453 956 1504 aquea
984 1432 1240 1518 gerundistradium
1258 1439 1355 1506 pretio,
1372 1445 1473 1504 quanta
1490 1445 1532 1492 est
1545 1429 1631 1504 debiti
1649 1434 1798 1502 quantitas,

143 1510 263 1568 nominis
285 1509 449 1566 venditione
473 1507 563 1564 recedi
580 1510 663 1576 possit
692 1509 781 1564 invito
806 1505 954 1578 debitore,
988 1523 1016 1562 tn
1034 1519 1108 1571 cupra
1124 1504 1288 1564 solutionem
1299 1521 1396 1562 nomen
1415 1521 1516 1560 cessum
1532 1499 1796 1572 multipedam

140 1593 176 1634 ec
192 1577 230 1634 ab
245 1579 328 1636 initio
346 1577 470 1636 venditio
497 1578 616 1634 nominis
642 1593 676 1636 eo
703 1577 881 1634 dissentiente
899 1574 955 1644 iure
984 1571 1056 1641 dC.
1073 1573 1105 1628 de
1121 1575 1240 1631 suitilan.
1262 1570 1345 1703 &nin
1362 1577 1389 1632 dr
1418 1576 1447 1628 in
1465 1573 1665 1642 permutatione
1692 1572 1796 1628 reditus

141 1646 293 1719 perficitur,
310 1659 340 1704 ut
360 1659 424 1704 ante
439 1643 561 1717 didium3
577 1663 640 1704 cum
657 1645 748 1719 utique
772 1663 844 1703 nova
862 1647 955 1706 videa·
983 1642 1069 1699 annui
1088 1639 1127 1710 jus
1135 1644 1204 1701 idem
1215 1645 1244 1699 in
1310 1642 1454 1700 cnolandia
1467 1645 1555 1716 vigere
1573 1653 1646 1712 patet
1663 1658 1696 1702 eir
1712 1639 1801 1710 iteris.

141 1717 258 1775 tor-hoc
287 1717 368 1774 modo
395 1719 515 1774 venditio
543 1717 738 1774 intercessisse:
763 1715 839 1771 selvo
862 1729 954 1772 tamen
984 1713 1076 1773 lurisc.
1096 1711 1173 1770 Holl.
1188 1729 1259 1784 pant.
1283 1711 1493 1770 2212211225.

138 1799 267 1846 2222222222
283 1786 400 1846 debitori
422 1802 471 1844 suo
489 1780 544 1854 jure
563 1783 704 1856 tetradius,
722 1789 744 1844 si
768 1783 838 1844 sorte
864 1784 954 1842 viliori
1021 1793 1061 1854 r9i
1069 1781 1187 1852 Tempus
1202 1783 1275 1856 quod
1291 1789 1403 1851 attinet,
1420 1786 1449 1838 in
1466 1779 1625 1854 quibusdam
1642 1778 1708 1836 locis
1726 1797 1791 1838 ven-

146 1859 235 1927 pretio
252 1876 271 1914 n
334 1877 351 1912 n
369 1853 525 1915 distradium
551 1856 645 1914 eodem
661 1856 713 1912 sibi
739 1861 830 1923 pretio·
851 1865 953 1914 emtum
982 1850 1035 1908 diti
1051 1856 1168 1910 nominis
1178 1852 1309 1912 tetradus
1325 1854 1399 1908 intra
1415 1867 1519 1908 annum
1535 1851 1674 1907 arcientia
1690 1850 1798 1908 debito-

141 1925 232 1991 velits
266 1943 352 1996 equo
369 1939 444 1996 post:
463 1916 545 1984 salvis
563 1943 666 1996 quoque
684 1923 746 1984 fisco
771 1931 824 1981 suis
841 1923 954 1994 juribus,
983 1923 1007 1976 ri
1024 1924 1175 1992 competit
1195 1928 1323 1992 precipue
1341 1924 1365 1976 si
1383 1920 1483 1978 reditus
1508 1936 1623 1987 annuus,
1651 1915 1736 1977 fundo
1753 1919 1797 1976 vel

137 1994 187 2054 ubi
208 1997 264 2053 tale
283 2009 460 2061 nomenestt
476 2013 509 2052 er
527 1992 600 2066 cujus
615 1995 780 2054 ¹venditione
798 1995 953 2066 'quadrage
983 1989 1082 2047 adibus
1098 1994 1237 2062 impositus
1252 1989 1397 2050 distradius
1413 1995 1458 2046 sit.
1484 1987 1662 2048 Rotetoclami
1682 2007 1737 2046 non
1756 1989 1803 2045 ul-

140 2067 210 2126 time
227 2067 308 2134 pretii
325 2063 389 2123 isco
406 2065 547 2136 pendenda
566 2066 651 2122 venit.
679 2061 784 2138 Confer
812 2079 831 2120 2.
848 2062 953 2134 praced.
982 2074 1026 2118 tra
1043 2077 1092 2120 ser
1107 2065 1267 2132 septimanas
1283 2062 1362 2119 durat
1373 2060 1530 2117 retrahendi
1547 2056 1598 2130 jus.
1610 2055 1669 2114 lmo
1686 2058 1733 2116 ubi
1741 2071 1799 2114 sta-

48 2153 53 2162 ·
135 2135 173 2191 de
190 2139 213 2194 le
228 2155 242 2190 e
258 2136 390 2192 commiss.
408 2155 482 2194 num.
500 2133 611 2205 241012.
629 2131 748 2193 aSande
764 2131 844 2190 decis.
861 2131 952 2192 Fsiric.
983 2142 1043 2188 tuta
1060 2127 1129 2187 nihii
1146 2131 1180 2190 de
1197 2144 1316 2202 tempore
1333 2128 1478 2201 definiunt,
1496 2127 1613 2198 ejusdem
1621 2130 1701 2196 pretii
1718 2126 1797 2184 obla-

137 2155 228 2264 1121
247 2221 269 2261 t.
286 2219 311 2276 7.
331 2203 409 2275 defin.
428 2221 454 2261 2.
983 2201 1086 2256 tionem
1104 2217 1120 2256 a
1138 2200 1259 2258 debitore
1277 2212 1345 2256 tunc
1364 2197 1419 2256 lieri
1443 2197 1557 2273 sufficit,
1582 2215 1645 2254 cum
1672 2199 1796 2268 primitus

179 2290 221 2349 27.
240 2271 323 2334 Ouod
341 2277 364 2331 si
382 2273 486 2334 duobus
502 2274 644 2344 separatim
663 2273 775 2332 diversis
792 2271 955 2342 temporibus
983 2271 1144 2328 convenitur
1161 2271 1196 2328 ad
1213 2270 1366 2329 faciendam
1382 2267 1554 2340 solutionem,
1573 2265 1654 2340 Hugo
1680 2265 1798 2326 Grotitu

143 2363 200 2404 una
218 2327 360 2416 eademque
376 2342 571 2404 adliovendita
588 2361 618 2400 ac
636 2349 765 2414 cessissit,
783 2342 953 2402 censetSan-
983 2339 1095 2396 manud.
1113 2339 1156 2395 ad
1168 2339 1310 2412 lurisprud.
1331 2337 1402 2396 11011.
1419 2339 1480 2398 libr.
1498 2335 1526 2396 3.
1534 2359 1567 2396 ca
1585 2379 1592 2394 .
1614 2335 1653 2396 26.
1670 2359 1744 2396 num.
1756 2348 1798 2414 ¹17.
1833 2407 1837 2416 Ι

137 2413 302 2474 dedecere.
321 2413 375 2472 ati.
394 2431 453 2485 cap.
473 2410 604 2472 rma-ll.
624 2413 881 2482 iradetuumeutn,
908 2413 953 2470 cui
986 2405 1024 2466 iil.
1042 2408 1251 2482 Groeuevvegen
1269 2414 1305 2471 ad
1327 2412 1345 2466 1.
1365 2426 1408 2466 22.
1435 2413 1462 2466 C.
1490 2429 1555 2464 inan
1575 2411 1615 2464 ati
1650 2405 1792 2468 Leeuvaen

137 2486 223 2554 priori
244 2485 354 2543 vendita
370 2501 402 2541 ac
419 2500 492 2542 cessa
508 2493 562 2554 est,
577 2487 712 2550 potiorem
729 2479 798 2552 sors,
819 2489 843 2539 si
860 2499 952 2539 secun-
982 2499 1050 2536 cens.
1059 2477 1116 2554 fiis.
1131 2493 1201 2548 part.
1224 2498 1246 2538 r.
1265 2479 1324 2538 libr.
1342 2477 1370 2548 1.
1386 2495 1443 2548 cap.
1461 2493 1502 2535 20.
1521 2497 1595 2536 num.
1614 2449 1640 2535 b.
1659 2497 1726 2536 serr.
1745 2477 1793 2533 ile·

134 2554 274 2612 cta-cessio
290 2573 318 2611 re
331 2571 393 2611 non
411 2553 527 2624 amplius
544 2559 649 2624 integra
660 2554 817 2622 interposita
835 2559 880 2620 sit,
890 2553 953 2608 dum
980 2547 1058 2620 biron,
1077 2553 1104 2609 dr
1122 2566 1179 2620 epp.
1202 2563 1241 2623 29.
1259 2571 1333 2609 num.
1352 2549 1394 2606 25.

135 2625 209 2691 peior
228 2622 270 2681 vei
288 2623 365 2681 litem
382 2637 550 2683 contestatur
564 2617 619 2708 jam
639 2617 727 2678 fuerat
744 2639 805 2678 cum
822 2619 954 2700 debitore,
1016 2635 1060 2674 20.
1080 2620 1174 2677 Cessat
1193 2617 1245 2677 hoc
1263 2619 1303 2691 jus
1320 2617 1483 2678 tantundem
1491 2615 1633 2688 offerendi,
1645 2634 1692 2675 seu
1710 2629 1797 2674 retra·

136 2693 180 2750 vel
194 2693 437 2752 denunciationem
454 2693 573 2752 debitori
590 2687 699 2760 fecerat,
717 2705 764 2748 aut
792 2694 952 2760 impetrave-
983 2685 1075 2758 hendi,
1093 2692 1115 2744 si
1135 2703 1253 2756 tempore
1270 2689 1436 2748 venditionis
1464 2705 1562 2746 nomen
1588 2687 1681 2745 eodem
1710 2693 1798 2754 pretio

136 2776 181 2818 rat
201 2768 283 2832 partis
300 2763 486 2848 solutionem-3
503 2763 549 2821 sed
567 2763 590 2818 si
609 2759 678 2818 nihil
707 2758 803 2846 horum
821 2778 838 2816 a
865 2761 953 2828 priore
981 2757 1101 2842 debituri
1119 2757 1242 2815 oblatum
1260 2765 1306 2834 sit,
1322 2777 1354 2816 ac
1373 2761 1396 2815 is
1410 2774 1498 2816 emere
1515 2755 1704 2814 ‹lettediavetit
1724 2756 1800 2816 Gru·

135 2827 240 2893 iseum
257 2836 304 2905 sit,
322 2831 409 2904 illurn,
427 2851 475 2902 qut
491 2835 592 2903 primus
602 2845 686 2887 unum
703 2849 736 2888 ex
755 2830 798 2890 hts
816 2827 952 2898 triburie·
983 2842 1038 2891 trus
1055 2828 1081 2886 d.
1098 2843 1154 2898 cap.
1176 2827 1309 2888 16.num.
1331 2845 1373 2955 ¹2}
1394 2825 1433 2885 18.
1451 2825 1661 2898 Groenevregen
1678 2797 1716 2884 ad
1731 2827 1758 2882 d.
1776 2829 1798 2882 1.

132 2904 213 2972 ctrit,
232 2905 362 2970 potiorem
381 2921 447 2970 esse,
463 2918 521 2975 arg.
549 2903 567 2958 1.
586 2895 613 2956 5.
638 2899 668 2955 C.
686 2897 718 2954 de
745 2903 878 2958 maasiae.
898 2897 953 2960 Sed
983 2915 1024 2956 22.
1043 2900 1071 2954 in
1080 2897 1147 2969 fine.
1168 2896 1215 2955 Uti
1233 2901 1271 2968 dr,
1288 2901 1345 2956 sia
1375 2900 1468 2954 ionum
1496 2896 1616 2980 plurium
1638 2897 1801 2956 universim

131 2989 199 3028 cum
218 2966 272 3040 lam
289 2989 367 3040 supra
386 2971 532 3041 probatum
563 2971 609 3039 sit,
632 2969 775 3029 cedentem
802 2987 858 3028 non
873 2963 952 3040 posse
981 2973 1017 3026 sit
1035 2971 1154 3039 vendita,
1172 2969 1237 3028 dum
1256 2969 1297 3026 vel
1324 2983 1413 3026 torum
1431 2969 1588 3023 mercatoris
1613 2965 1798 3022 calendarium

134 3042 299 3100 cessionario
316 3042 407 3097 invito
422 3043 569 3098 cessionem
581 3055 716 3109 revocare,
735 3059 785 3097 nec
803 3045 832 3096 in
850 3037 877 3096 d.
896 3039 914 3097 1.
924 3035 950 3096 5.
982 3038 1141 3100 detractum
1160 3052 1210 3109 est,
1228 3037 1272 3097 vel
1287 3037 1336 3096 sub
1354 3036 1503 3096 hereditate
1519 3033 1632 3093 vendita
1659 3033 1748 3102 plures
1764 3053 1796 3090 a·
1840 3051 1842 3056 ·

132 3110 313 3179 decessione,
331 3111 375 3168 sed
395 3109 511 3178 simplici
529 3113 768 3182 assignationem
854 3113 904 3168 nia
921 3115 951 3166 εὶ
982 3107 1086 3166 diiones
1103 3107 1297 3184 comprehensa
1314 3121 1395 3167 sunt:
1413 3123 1475 3163 cum
1493 3112 1566 3164 euim
1584 3120 1617 3162 er
1635 3103 1797 3164 talibusne*

135 3177 256 3253 xlgendt
274 3180 406 3236 mandato
424 3181 478 3250 igi,
496 3189 575 3248 itique
594 3183 700 3246 iusuper
714 3179 784 3236 moti
804 3199 836 3238 us
852 3180 953 3238 nostr-'u
982 3177 1104 3236 minibus
1119 3178 1174 3234 alia
1192 3184 1292 3248 possint
1311 3177 1382 3235 bona
1395 3197 1464 3246 esse,
1482 3176 1536 3232 alia
1559 3178 1649 3232 minus
1667 3173 1750 3246 bona,
1764 3187 1796 3231 a·

134 3245 176 3319 ius
193 3265 274 3308 omne
297 3249 418 3307 cedentis
435 3266 483 3319 pro
499 3244 620 3306 erriniio
639 3245 735 3306 baberi
807 3253 953 3320 tprimam
982 3245 1019 3306 112
1036 3267 1144 3318 prorsus
1160 3250 1255 3306 inania
1273 3265 1304 3306 sc
1321 3249 1407 3316 maia,
1423 3245 1531 3304 deliniri
1560 3251 1665 3316 nequit,
1695 3247 1792 3313 quanti

131 3321 301 3386 cessionem,
320 3320 403 3390 magis
420 3332 471 3388 est,
488 3331 518 3376 ut
538 3316 582 3373 hic
599 3316 680 3388 idem,
694 3269 875 3388 qnodoin're
891 3337 952 3376 cor·
982 3335 1081 3376 nomen
1098 3319 1304 3388 unumquodque
1328 3329 1521 3386 cotnparatum·
1543 3316 1579 3372 sit
1598 3355 1607 3383 ,
1640 3331 1673 3370 ac
1701 3317 1795 3382 proin·

89 3423 91 3429 ι
133 3388 220 3456 porali
238 3387 342 3448 duobus
362 3389 471 3446 vendita
489 3385 622 3448 Romanis
643 3389 753 3459 placuit,
770 3389 952 3460 admittatur3
981 3388 1087 3447 denec
1123 3401 1255 3457 quantum
1283 3387 1363 3446 reddi
1389 3385 1499 3444 deberet
1517 3401 1563 3453 per
1581 3381 1794 3442 retrahentem.

132 3455 214 3514 illum
233 3475 349 3528 nempe,
375 3463 417 3516 cui
437 3457 524 3528 priori
540 3457 613 3517 26110
630 3475 699 3514 cessa
718 3472 758 3517 est
775 3459 952 3532 pretiorsolur
985 3455 1119 3529 Respo'nsa
1135 3459 1228 3520 lurisc.
1247 3455 1322 3516 iioii
1341 3467 1411 3526 part.
1431 3453 1458 3522 d.
1475 3456 1564 3510 consil.
1586 3453 1643 3525 t95.
1659 3467 1717 3525 pag.
1735 3450 1817 3534 353„
1911 3473 1920 3485 ¹

133 3542 167 3586 to
184 3539 232 3586 aut
250 3527 301 3586 fide
317 3529 351 3586 de
368 3541 401 3586 eo
419 3527 525 3600 habita,
542 3531 571 3586 in
589 3525 726 3600 exigendo
753 3532 864 3589 nomine
881 3544 953 3588 cesso
982 3525 1049 3586 Non
1066 3529 1149 3585 etiarn
1166 3529 1192 3586 ei
1211 3527 1350 3594 lucescet,
1368 3525 1473 3594 quoties
1486 3522 1611 3582 siurone
1630 3519 1736 3591 publica
1748 3543 1798 3581 no·

133 3611 259 3667 oportere
276 3602 407 3666 potiorem
424 3617 490 3670 esse,
506 3599 705 3670 meximequia
721 3601 806 3658 cessio
824 3596 952 3656 12221110-
983 3615 1044 3656 nien
1060 3595 1218 3661 distintione
1236 3615 1269 3654 ac
1286 3597 1344 3667 pius
1361 3595 1480 3654 licitanti
1490 3593 1626 3651 additium
1642 3607 1691 3664 est,
1701 3589 1726 3647 d.
1737 3611 1798 3650 coa—

133 3668 216 3727 nibus
232 3667 388 3729 traditionis
404 3667 467 3724 loco
484 3682 534 3742 est,
561 3671 582 3725 1.
599 3670 718 3741 partitas
748 3668 788 3726 25.
818 3671 846 3726 C.
863 3666 897 3726 de
914 3671 954 3726 rei
982 3669 1024 3725 211.
1046 3667 1104 3740 295.
1124 3669 1203 3726 Adde
1220 3670 1262 3724 tit.
1280 3665 1385 3738 maced.
1405 3686 1479 3722 narn.
1499 3659 1542 3720 25.
1562 3662 1622 3724 Nec
1637 3664 1796 3734 deniqnest

138 3737 269 3795 vindicat.
612 3745 615 3752 '
981 3739 1123 3797 reditus&
1143 3739 1256 3796 nomini
1274 3737 1369 3794 viliore
1392 3737 1479 3805 pretio
1502 3746 1575 3792 emta
1601 3734 1659 3792 sint
1676 3731 1713 3790 ob
1732 3733 1796 3790 b'eili

174 3805 219 3892 28..
233 3801 297 3880 Quo
315 3822 380 3866 vero
391 3808 478 3898 magis
494 3821 583 3878 turpes
593 3801 787 3876 impedirentur
805 3805 899 3864 litium
909 3825 952 3864 re·
981 3808 1147 3866 calamitates
1163 3807 1269 3878 aliaque
1284 3804 1384 3864 similia
1400 3807 1594 3884 incommodo5
1612 3809 1651 3861 sic
1661 3817 1689 3860 et
1707 3817 1795 3862 emtor

132 3875 295 3947 demtiones,
314 3878 459 3934 Anastasis.
473 3897 522 3938 nec
540 3893 596 3934 non
613 3877 757 3938 1222121221
775 3877 952 3936 constitutio·
981 3877 1128 3948 periculum
1147 3878 1259 3936 subierit
1277 3878 1400 3948 plenarie
1419 3875 1590 3941 amissionist
1616 3889 1677 3930 cum
1695 3879 1796 3944 equum

134 3947 216 4011 uibus
232 3945 373 4006 intudem
391 3944 455 4026 fuit,
472 3967 506 4005 ne
533 3960 621 4003 emtor
650 3953 768 4004 nominis
793 3965 812 4003 a
827 3947 951 4006 debitore
981 3951 1017 4006 sit
1032 3949 1172 4006 commode
1187 3945 1314 4020 cultisque
1332 3948 1373 4003 rei
1389 3963 1452 4004 eum
1475 3949 1557 4018 sequi,
1581 3959 1661 4018 quem
1688 3941 1794 4001 incom-

133 4011 196 4088 plus
213 4019 314 4104 exigat,
330 4033 464 4087 quantam
490 4021 545 4088 ipse
570 4019 599 4092 in
618 4019 734 4074 nominis
756 4017 904 4076 emtionem
920 4040 949 4075 e·
978 4019 1060 4078 modi
1078 4031 1236 4090 sequuntur,
1255 4021 1283 4077 dr
1302 4035 1381 4086 penes
1398 4031 1462 4074 eum
1485 4032 1557 4085 spem
1576 4013 1644 4080 lucri
1669 4031 1736 4086 csse,
1751 4033 1796 4082 pe-

135 4089 255 4163 rogavit,
272 4088 379 4146 etiamsi
397 4087 522 4146 venditor
540 4104 569 4146 se
585 4089 684 4156 partim
702 4085 829 4156 vendere,
842 4087 949 4160 ‚partim
980 4105 1028 4146 nes
1043 4104 1123 4160 quem
1140 4089 1234 4146 damni
1252 4100 1338 4145 metus
1353 4101 1404 4144 est.
1414 4083 1445 4142 in
1463 4104 1545 4158 quarn
1562 4083 1794 4148 sententiamcuin

133 4159 249 4229 donate,
267 4157 311 4218 vel
328 4157 460 4232 reliquum
477 4157 590 4223 donare,
607 4153 737 4236 professus
753 4170 840 4226 essert
859 4175 949 4227 repro
978 4175 1000 4214 a
1012 4160 1095 4215 variis
1105 4155 1261 4218 Hollandia
1277 4153 1475 4218 iurisconsultis
1492 4169 1647 4224 responsum
1665 4166 1733 4212 esset
1753 4171 1796 4212 et·

134 4223 200 4286 bata
217 4229 270 4286 ,hoc
289 4231 318 4286 in
336 4247 400 4286 casu
418 4225 495 4282 illata
520 4227 678 4285 donationis
702 4243 765 4282 cum
795 4227 961 4290 venditione
979 4229 1033 4284 iam
1058 4229 1168 4286 decreto
1193 4225 1330 4289 Ordinum
1358 4223 1512 4284 Hollandie
1539 4229 1694 4294 responsum
1723 4195 1791 4284 illud

134 4299 337 4364 stimulatione3
353 4303 448 4368 quippe
466 4313 547 4368 quam
566 4313 623 4352 non
643 4297 696 4352 nisi
720 4301 747 4352 in
768 4292 949 4355 1122102210-
976 4296 1166 4356 confirmatum
1183 4295 1234 4356 suit
1244 4320 1257 4366 ‚-
1273 4317 1305 4356 ac
1322 4297 1442 4372 apprime
1461 4295 1550 4353 locum
1567 4293 1674 4352 invenit
1693 4295 1721 4350 in
1742 4311 1792 4351 no·

133 4370 175 4440 gis
191 4367 315 4425 *simulari
335 4367 489 4434 presumtio
506 4380 548 4424 est
572 4365 591 4420 1.
608 4380 651 4433 prr
667 4364 785 4423 diversas
803 4383 846 4422 22.
865 4367 884 4424 1.
905 4362 949 4422 25.
979 4368 1096 4428 minibus
1112 4371 1312 4440 provinciarum
1328 4385 1361 4424 ac
1378 4366 1521 4424 civitatum
1550 4358 1716 4422 difficillimis
1735 4364 1791 4420 bel-

132 4443 155 4498 1.
173 4438 218 4508 ad.
238 4435 410 4496 cmundari.
430 4431 531 4494 Confer
542 4406 638 4494 lamb.
657 4433 739 4493 Gotis
753 4433 948 4493 advesarraii.
981 4437 1067 4496 lorum
1086 4433 1250 4511 temporibus
1268 4441 1379 4496 minoris
1395 4433 1483 4496 emtis.
1502 4409 1572 4500 V’ide
1591 4432 1726 4506 Responsa
1747 4435 1799 4506 lu<

132 4503 162 4562 5.
178 4524 247 4581 part.
270 4527 294 4564 r.
313 4521 368 4576 cap.
385 4503 422 4576 4..
433 4501 525 4582 1121222
538 4505 714 4564 clandestinis
739 4522 772 4564 ao
794 4507 949 4566 domesticis
980 4509 1041 4567 riso.
1061 4507 1137 4570 iioii.
1153 4526 1224 4582 part.
1240 4507 1267 4570 5.
1285 4505 1440 4584 consiliii).

134 4575 284 4650 fraudibus
303 4573 383 4638 facile
410 4576 518 4646 quidvis
542 4592 592 4646 pro
617 4575 720 4648 negotii
744 4578 948 4646 opportunitate
1243 4583 1246 4592 ¹

130 4645 318 4720 confingatur,
333 4663 365 4703 ac
382 4645 532 4710 occultetur
549 4647 693 4720 quodrese
708 4642 801 4703 adum
818 4658 873 4718 est,
889 4655 949 4702 mo·
975 4677 978 4684 Δ

133 4715 211 4776 ribus
227 4721 326 4773 nostris
342 4715 472 4786 invaluit,
490 4728 655 4776 conventum
672 4713 780 4774 adiiooe
810 4733 881 4776 cessa
899 4718 950 4776 de·
978 4769 980 4776 .

133 4785 253 4852 iterem
268 4787 394 4862 protinus
413 4791 585 4862 iniugrcssu
610 4788 671 4848 litis
696 4785 848 4862 desiderate
862 4792 949 4862 posse,
976 4791 994 4804 ²
