4012 5344
252 159 297 230 82
796 220 800 226 -
840 174 909 238 lii.
934 175 1022 240 liii.
1048 173 1110 242 Tic.
1138 174 1197 238 lli.
1248 175 1252 182 ’
1565 242 1570 252 ,

208 258 319 326 ponenti
337 253 453 318 heredes
471 259 622 331 extiterint,
640 261 815 332 :equissimum
834 277 894 336 est,
910 283 960 324 eos
973 278 1015 323 te·
1047 283 1103 324 nou
1117 263 1334 334 ncnwtsisso
1349 259 1407 334 iore
1422 261 1559 320 ianitoris
1580 259 1720 334 ΟΜΝ,
1746 259 1794 326 “d
1810 256 1858 318 d*

208 329 268 384 neri
284 345 318 385 ex
338 323 410 386 frelo
427 331 562 387 institoris
605 332 735 400 quamdiu
750 337 775 388 is
791 338 945 402 prepositis
960 351 1018 391 ma-
1048 353 1122 394 mum
1138 341 1314 394 revoedione
1330 353 1376 402 per
1393 333 1518 393 heredem
1535 327 1626 400 fodias
1643 339 1681 388 sic
1697 344 1728 390 ut
1746 347 1857 389 acon·

210 409 277 472 net,
293 399 355 454 cum
372 373 659 460 semovendus-inisset
675 418 693 458 a
709 403 854 476 tutoribus,
870 410 894 461 si
913 403 1019 464 nollent
1046 404 1181 465 tuosius
1196 401 1265 476 ejus,
1281 417 1345 464 ante
1361 403 1561 465 revocationem
1588 403 1713 460 mandati
1741 397 1862 483 celebra-

210 479 268 534 eius
338 472 372 524 ris
389 475 448 540 uti,
475 471 492 526 l.
510 491 603 529 vesum
632 473 657 527 ss'
671 486 699 544 9.
716 474 735 529 l.
756 491 797 530 ro.
812 475 834 530 J.
857 492 900 530 ιι.
924 489 963 544 ps.
975 473 1015 546 ff.
1049 481 1095 548 tis,
1121 476 1184 533 utili
1201 475 1452 533 nieusinstitoria
1468 471 1578 532 &edes
1602 484 1771 540 teneanturs
1797 467 1863 527 latet

205 533 237 618 ¹b.
255 554 276 594 r.
327 539 390 599 inor
407 557 561 608 preponens
586 560 635 612 per
651 545 786 614 integrum
803 545 1022 616 restitutionem,
1047 559 1164 605 mortem
1182 546 1359 630 proponentis
1376 561 1432 615 non
1443 548 1608 614 ignoraverit
1625 544 1747 612 institor,
1763 544 1868 610 quique

211 615 295 666 causa
310 614 468 680 cognitione
485 611 685 670 interveniente
699 611 818 684 juvatur,
834 611 863 670 d.
881 617 899 671 l.
922 633 963 672 ιι.
981 617 1020 684 ff.
1048 631 1111 675 cum
1127 621 1254 674 institere
1268 616 1434 683 contraxit,
1460 614 1481 669 l.
1500 614 1597 686 siquis
1614 615 1753 684 mancipiis
1775 625 1817 688 ιιι.
1834 603 1863 681 d.

214 691 238 732 ι.
255 674 288 748 ff.
306 677 333 736 b.
350 695 371 736 ι.
389 677 421 735 8ι
436 677 625 736 filiusfamilias
641 695 687 738 aut
695 701 787 740 servus
794 683 942 754 maefecerit
970 687 1021 744 do·
1050 703 1076 744 a.
1094 682 1121 743 5.
1132 687 1168 758 ff.
1187 685 1213 743 h.
1231 703 1250 742 e.
1271 681 1355 754 junii.
1373 683 1393 740 ls
1410 679 1459 738 sed
1471 684 1496 737 si
1510 683 1624 753 pupillus
1644 697 1741 750 11.ps.
1753 677 1792 751 ff.
1804 677 1830 736 l.
1839 695 1864 738 ι.

212 749 289 804 rnino
306 747 349 804 vel
367 760 442 818 patre
459 752 561 810 sciente
577 753 794 824 &permittente
812 769 914 823 patrem
950 757 1021 812 omi·
1052 755 1087 817 Et
1104 761 1227 828 quamvis
1246 753 1377 824 Ulpianus
1392 753 1547 825 scripserit,
1573 768 1677 820 aeuum
1691 769 1767 822 esse,
1793 753 1866 824 ‘'8⁶⁰-

213 834 312 874 numve
330 835 385 873 non
405 821 436 874 in
453 819 579 893 solidum,
596 823 643 879 sed
662 821 809 880 tributoria
823 821 933 884 adilone
960 825 1022 882 red·
1050 831 1124 884 eaesi
1138 839 1253 882 atonem
1269 825 1452 893 proponentis-
1465 823 1632 880 institoriam
1660 823 1737 892 dari,
1765 820 1784 875 l.
1802 821 1862 878 cui·
1894 831 1895 834 ’

212 888 282 944 dunt
302 886 451 959 obligatum
461 910 472 956 ,·
498 896 528 946 in
547 909 600 960 quo
615 909 707 951 rursus
723 891 761 948 ab
777 896 938 952 exercitoria
966 893 1022 952 lucc
1049 916 1146 970 cunque
1164 893 1190 952 5.
1207 889 1233 971 d.
1250 910 1308 966 pass.
1319 891 1359 964 ff.
1378 893 1404 950 b.
1422 909 1443 949 e.
1461 894 1533 963 quod
1550 898 1590 948 ita
1607 890 1755 948 obtinebat
1772 887 1862 960 eiiu-

212 957 317 1038 diversa
334 971 384 1036 est,
402 959 419 1014 l.
443 977 464 1015 ι.
479 953 507 1034 §.
526 963 587 1017 licet
604 979 697 1018 nutem
714 980 758 1020 ao.
765 961 804 1032 ff
811 962 1021 1022 &exercitali
1050 985 1079 1026 re
1094 970 1241 1035 eotmmtni,
1258 981 1314 1038 arg.
1331 957 1359 1035 §.
1376 967 1442 1022 item
1460 965 1484 1018 si
1505 981 1545 1020 to.
1563 964 1646 1020 instit.
1665 959 1697 1016 de
1715 960 1865 1030 mandate,

197 1025 244 1097 ¹b's
254 1025 341 1110 plures
358 1029 475 1110 eitudem
491 1032 627 1088 institoris
646 1047 830 1104 preponentes
846 1040 912 1106 sint,
928 1042 1022 1108 singu·
1051 1055 1106 1096 non
1125 1050 1215 1093 talnen
1234 1048 1334 1118 negat,
1362 1027 1420 1101 iure
1437 1031 1568 1106 singulari
1586 1045 1696 1102 propter
1713 1029 1868 1090 utilitatem

213 1093 253 1151 los
270 1115 300 1152 sn
319 1097 436 1154 solidum
452 1106 592 1157 conveniri
610 1099 750 1174 obtinuit,
771 1103 893 1170 exemplo
920 1111 1021 1162 exerci·
1050 1111 1192 1178 promiscui
1209 1123 1280 1174 usus,
1296 1119 1381 1162 ettam
1397 1105 1494 1161 nenti
1511 1101 1606 1160 utilem
1621 1099 1720 1168 saltem
1736 1117 1769 1158 ex
1788 1118 1866 1170 aquo

213 1171 313 1236 torum,
331 1170 383 1224 nisi
402 1171 425 1224 is
440 1187 534 1242 casus,
552 1174 653 1240 inquo
669 1179 741 1232 inter
758 1173 847 1244 plures
865 1185 1022 1244 preponen-
1050 1179 1079 1236 dt
1097 1175 1171 1234 bono
1187 1188 1310 1244 oportere
1326 1173 1456 1238 oenoedts
1480 1190 1513 1228 ac
1528 1172 1642 1242 proinde
1659 1169 1732 1240 quod
1750 1169 1864 1228 5⁸13&-

212 1240 493 1363 tescessatsociietatis
510 1243 686 1300 &communi
704 1245 856 1301 dividundo
875 1245 1023 1316 judicium,
1049 1257 1090 1304 est
1107 1243 1181 1388 lehi,
1210 1245 1321 1302 aliunde
1345 1242 1519 1314 supplendum
1546 1259 1579 1298 ea
1599 1241 1624 1296 d.
1643 1243 1660 1296 l.
1684 1255 1723 1312 ιγ.
1743 1233 1770 1312 i
1787 1235 1865 1313 Μ.

226 1323 279 1362 unc
306 1321 380 1364 enam
396 1327 438 1364 sn
476 1309 516 1368 ios
542 1329 592 1381 pro

626 1325 685 1370 arte
712 1327 820 1372 tantum
846 1315 1025 1372 condemnari·
1050 1315 1075 1372 b.
1094 1331 1114 1372 ι.
1162 1317 1206 1372 uia
1217 1331 1282 1373 vero
1299 1312 1468 1372 baeutilitas
1486 1312 1630 1381 promiscui
1645 1329 1716 1380 unas,
1732 1325 1866 1370 ansoom·

212 1373 334 1445 placuit,
361 1375 380 1432 l.
401 1377 436 1433 ba
454 1377 513 1436 ubas
546 1377 585 1437 ιδ.
604 1330 629 1457 ii.
649 1383 697 1438 ule.
725 1385 745 1441 ι.
767 1382 808 1450 ιι.
820 1378 858 1451 ffl
876 1382 901 1438 b.
920 1401 940 1440 e.
968 1383 1022 1445 Sed
1051 1386 1223 1456 ausciorum,
1241 1401 1296 1441 non
1316 1385 1355 1440 ita
1372 1380 1519 1452 apparebat
1535 1383 1565 1445 in
1585 1395 1629 1452 eo,
1645 1385 1867 1449 quitantumca·

212 1445 435 1568 puemadmodum
450 1448 572 1510 nuribus
589 1449 730 1508 hodiernis
750 1455 914 1510 exercitores
930 1455 1023 1528 singu-
1051 1456 1174 1514 lendado
1192 1456 1345 1524 prepositus
1361 1467 1431 1521 erat,
1446 1458 1497 1509 etsi
1514 1453 1627 1508 isetiam
1644 1452 1694 1506 sub
1704 1447 1866 1508 beescen-

224 1531 253 1570 os
272 1525 378 1573 tantiam
413 1535 445 1574 ro
462 1534 521 1576 rata
547 1535 623 1590 parte
675 1523 704 1580 u
723 1539 779 1578 non
798 1523 827 1578 in
846 1521 961 1581 solidum
988 1543 1022 1582 ex
1051 1539 1082 1582 to
1090 1527 1223 1582 institoris
1241 1527 1352 1580 nomine
1370 1519 1565 1594 comprehendi
1629 1525 1674 1589 sit,
1691 1522 1865 1602 iussissentque

182 1599 195 1644 ¹.
211 1589 333 1654 magistri
362 1535 434 1645 fado
451 1588 600 1664 obstringi,
625 1564 728 1648 ditium
744 1590 810 1672 luit⁴
823 1609 846 1649 ι.
863 1591 897 1646 dc
915 1597 1022 1652 crescis.
1051 1595 1075 1653 5.
1092 1588 1118 1668 §.
1139 1611 1165 1650 ιι.
1183 1590 1211 1649 5.
1223 1591 1260 1664 ff.
1278 1591 1304 1648 b.
1322 1609 1343 1648 ι.
1363 1595 1451 1649 visum
1467 1597 1552 1664 magis
1583 1593 1635 1661 uit,
1655 1596 1683 1670 in
1701 1607 1736 1649 eo
1754 1605 1864 1661 nonnis

213 1654 266 1710 ccl.
285 1669 357 1709 num.
377 1655 402 1712 5.
421 1664 460 1714 ita
479 1677 582 1728 quoque
599 1663 628 1717 in
647 1659 766 1730 pluribus
782 1661 900 1728 eusdem
931 1663 1021 1722 taber·
1050 1662 1189 1738 singulare
1204 1665 1252 1722 sed
1269 1661 1440 1720 ordinariam
1456 1662 1581 1718 mandati
1599 1673 1726 1716 naturane
1749 1677 1864 1717 servam

144 1795 148 1800 .
211 1739 254 1778 nc
272 1724 525 1808 velnnegotlationis
541 1729 752 1802 exercitotibus,
776 1749 810 1788 ert
828 1734 963 1789 institoris
982 1733 1022 1790 fa·
1052 1736 1116 1792 dam
1133 1751 1198 1805 esse,
1216 1750 1249 1789 ac
1267 1731 1337 1790 solos
1355 1737 1449 1812 mortis
1467 1732 1644 1816 preponentis
1662 1731 1788 1802 ignaros,
1806 1747 1865 1788 non

212 1791 257 1851 tio
273 1791 425 1872 obligandis
463 1799 533 1856 idem
556 1797 593 1857 'us
610 1815 662 1873 est,
682 1797 770 1873 Hugo·
780 1799 892 1858 Grotius
910 1803 1021 1860 manud.
1052 1807 1116 1861 item
1134 1809 1258 1874 scientes,
1273 1802 1371 1863 debere
1391 1817 1478 1868 tuvarr
1496 1803 1524 1860 dr
1540 1803 1675 1873 cuccari,
1689 1801 1773 1870 tpsn.
1785 1797 1867 1870 Μ

212 1860 254 1916 ed
262 1867 412 1933 jurisprud.
431 1838 502 1924 iisse.
520 1817 567 1926 tii.
586 1867 612 1926 3.
631 1889 653 1926 c.
676 1889 698 1928 ι.
718 1889 792 1927 num.
810 1867 855 1943 59
866 1873 935 1929 Ant.
947 1871 1022 1931 Mat·
1050 1873 1126 1931 sebur
1144 1871 1214 1930 cred.

210 1929 295 1988 theos
311 1933 344 1988 de
363 1937 481 1994 nuliius.
509 1940 555 1996 lib.
579 1955 602 1996 ι.
621 1955 678 2010 cap.
697 1939 723 1997 5.
742 1961 844 1998 numer.
861 1938 887 1998 8.
906 1947 935 2000 in
952 1943 1020 2000 sned.
1084 1943 1110 2012 d.
1132 1941 1236 2010 Porro,
1261 1954 1291 1999 ut
1310 1941 1419 2000 institor
1444 1937 1634 1999 contrahendo
1661 1951 1862 2011 proponentem

244 2003 291 2057 uin
311 2004 384 2074 imo,
412 2013 453 2064 uti
470 2016 629 2072 exercitores
660 2009 740 2069 bodie
757 2028 791 2070 ex
808 2009 951 2070 contreeiu
979 2013 1021 2072 vel
1049 2009 1165 2088 obligat,
1184 2013 1228 2070 ita·
1239 2015 1268 2070 dt
1284 2010 1468 2081 delinquendo
1484 2013 1513 2068 in
1531 2006 1625 2066 officio
1641 2013 1686 2068 cui
1710 2029 1761 2079 pre
1810 2010 1866 2065 itus

225 2069 285 2130 aiio
294 2077 418 2147 magistri
433 2085 564 2158 conventi
581 2080 691 2138 liberari
708 2095 819 2152 possunt
830 2081 1021 2152 derelinques·
1050 2093 1107 2140 est:
1127 2083 1232 2139 namsi
1250 2084 1310 2150 quis
1327 2088 1411 2150 pistor
1428 2097 1535 2146 servum
1552 2097 1630 2148 suum
1646 2079 1741 2137 solitu
1770 2080 1812 2136 uit
1830 2079 1863 2134 in

211 2143 248 2200 do
264 2157 309 2199 seu
327 2145 449 2203 cedendo
465 2165 506 2217 pus
522 2167 609 2223 mum,
626 2151 696 2222 quod
715 2155 743 2207 ln
754 2155 817 2206 navi
836 2150 959 2222 habent,
977 2173 1018 2210 se·
1050 2152 1259 2210 certum-locum
1276 2151 1384 2209 mutere
1399 2151 1435 2209 ad
1453 2165 1549 2218 panem
1566 2151 1746 2220 vendendum,
1761 2149 1867 2230 deinde

209 2213 489 2296 cundumssaciirad.
509 2220 772 2278 adsenciente.
793 2220 1020 2280 iisdeabobli-
1050 2224 1203 2290 ispccunis
1221 2235 1329 2291 accepta
1347 2226 1482 2292 prasenti,
1501 2233 1585 2288 nepes·
1602 2220 1659 2276 dier
1678 2225 1701 2278 s'
1734 2219 1788 2276 ulos
1806 2217 1863 2274 illas

208 2295 328 2354 gerrone,
344 2301 377 2339 ex
396 2288 527 2353 institoris
545 2287 617 2346 satio
633 2304 718 2361 nata,
738 2289 847 2346 liberari
865 2307 1020 2361 praeponen·
1048 2307 1145 2360 panem
1160 2305 1311 2362 pensemus,
1329 2288 1553 2360 conturbaverit,
1571 2290 1600 2348 id
1617 2303 1677 2359 est,
1723 2287 1864 2356 ecoxerit,

211 2367 271 2418 tes,
289 2353 410 2410 cedendo
427 2360 485 2423 quic
506 2360 551 2416 uid
570 2362 702 2416 institoris
729 2357 789 2416 fidei
808 2363 1019 2433 commiserunt,
1048 2359 1171 2418 dubitari
1189 2377 1245 2418 non
1264 2372 1388 2432 opertere
1415 2362 1481 2432 quin
1510 2365 1534 2418 sl
1552 2362 1684 2430 permisit,
1701 2363 1727 2416 ei
1746 2359 1784 2413 ita
1800 2356 1863 2413 dari

101 2423 108 2434 '
209 2439 260 2478 usu
278 2436 413 2504 receptum
429 2429 469 2481 air
526 2447 627 2498 eus-n
645 2449 713 2486 cens.
726 2425 780 2498 fue.
797 2443 869 2498 past.
892 2447 914 2486 r.
937 2430 1018 2500 lini.
1049 2446 1183 2501 simmaa,
1202 2435 1289 2488 teneri
1306 2431 1340 2488 de
1391 2445 1466 2501 t,a
1528 2430 1612 2488 beom
1630 2443 1787 2497 responsum
1804 2437 1864 2498 est,

210 2505 267 2618 sag·
286 2503 311 2546 0·
330 2511 404 2548 num·
425 2511 467 2572 ιο.
631 2555 637 2566 ,
1049 2501 1067 2555 l.
1087 2503 1231 2570 cuicunque
1248 2499 1274 2557 5.
1292 2495 1618 2570 ff.·ideen1.eebee9.ffl
1636 2491 1663 2554 h}
1683 2514 1703 2552 e.
1729 2493 1768 2552 Et
1784 2497 1810 2554 si
1825 2495 1864 2552 li.

262 2603 270 2617 .
287 2561 390 2620 Tendit
409 2561 464 2626 hec
481 2563 552 2626 attio
569 2569 604 2628 ad
625 2569 662 2640 iti,
682 2581 714 2626 ut
731 2579 878 2637 prestetur,
895 2569 965 2638 quod
977 2569 1019 2626 in·
1049 2567 1195 2628 bitinacius
1212 2571 1288 2628 idest
1307 2583 1473 2628 monuonrm
1490 2567 1618 2638 septilor,
1635 2582 1742 2623 servum
1759 2563 1865 2635 pollin-

207 2631 312 2688 stiloris
328 2631 470 2694 conss-stin
497 2637 740 2710 comprehensum,
767 2646 790 2695 si
806 2640 888 2695 modo
904 2636 960 2706 eius
976 2640 1016 2696 rei
1047 2637 1147 2698 &orem
1167 2637 1303 2708 habuerit,
1321 2639 1427 2708 utilem,
1441 2639 1572 2706 seuquasi
1589 2635 1756 2692 institoriam
1773 2632 1864 2691 adiio-

205 2703 295 2773 gro'tio
309 2701 480 2763 ,contractum
499 2703 591 2779 suerit,
608 2711 652 2765 cui
671 2712 780 2767 institor
797 2726 849 2778 pre
886 2710 951 2766 situs
968 2723 1019 2781 est,
1048 2727 1120 2780 nem,
1139 2712 1168 2766 in
1185 2727 1248 2766 eum
1265 2709 1324 2765 dari
1342 2707 1451 2782 placuit,
1469 2705 1495 2762 d.
1513 2707 1531 2762 l.
1549 2708 1692 2776 cuicunque
1708 2700 1736 2760 5.
1753 2693 1779 2773 d
1798 2705 1860 2773 qus·-

207 2778 227 2826 ι.
245 2774 400 2856 cuicumque
426 2774 452 2830 5.
471 2775 508 2845 15.
527 2793 689 2836 nontamen
710 2795 751 2835 ιι.
769 2779 788 2834 ι.
806 2799 832 2834 se
868 2780 892 2834 si
906 2779 1018 2847 pupillus
1047 2779 1106 2835 dens
1125 2781 1166 2835 nit
1183 2776 1259 2904 iis.
1278 2778 1303 2834 b.
1322 2795 1341 2836 e.
1368 2781 1440 2851 quod
1455 2775 1653 2834 extendendum
1674 2771 1712 2857 ad
1729 2769 1860 2842 pbarnra-

210 2859 252 2897 rr.
267 2835 297 2916 §.
317 2843 430 2899 conditio
447 2841 472 2902 5.
484 2847 523 2915 ff
538 2847 563 2904 b.
581 2866 604 2906 e.
623 2845 739 2906 Proinde
758 2846 810 2920 (ut
828 2846 944 2918 eleganti
962 2865 1018 2906 ser·
1046 2849 1165 2920 copolas,
1182 2849 1206 2906 si
1245 2853 1264 2921 i,
1283 2867 1349 2922 qtros
1366 2849 1422 2906 suis
1439 2842 1612 2917 prafecenrnt
1628 2840 1761 2912 officinisss
1775 2857 1860 2926 ,νῶθ’

207 2927 291 2970 mone
310 2909 428 2980 Ulpiani
439 2920 602 2974 continuato
619 2915 699 2986 utar)
716 2920 739 2974 si
757 2922 886 2988 praeposui
903 2918 1017 2974 admer·
1048 2935 1084 2974 na
1100 2937 1150 2990 pso
1166 2919 1369 2977 medicaminis
1394 2934 1485 2976 errore
1502 2915 1691 2974 vendiderint.
1717 2909 1798 2974 Facit
1824 2928 1861 2970 eo

207 2982 280 3037 cium
297 2979 516 3054 distrrdiionem,
544 2985 656 3046 tenebor
684 2989 794 3046 nomine
820 2984 877 3054 ejus
893 3003 928 3044 est
946 3000 1017 3044 uoto
1046 2987 1065 3042 l.
1086 3006 1109 3043 ι.
1127 2988 1215 3044 thd
1227 2991 1274 3062 leg.
1294 2989 1345 3045 lul.
1365 2984 1494 3056 npceund.
1525 2987 1622 3043 dcem
1639 2986 1664 3042 si
1680 2979 1861 3039 exhibuissent

204 3047 332 3108 corone.
351 3049 428 3122 item,
445 3061 467 3109 si
485 3069 557 3112 sorte
574 3059 608 3114 ad
624 3059 766 3116 emendum
784 3073 959 3125 prepostero,
976 3069 1017 3112 te-
1045 3051 1071 3111 5.
1081 3055 1118 3127 ff
1136 3056 1169 3111 de
1181 3053 1339 3128 publicissis,
1356 3058 1375 3112 l.
1392 3060 1418 3112 si
1433 3075 1522 3112 senous
1542 3073 1648 3112 seseusn
1665 3046 1753 3125 Μ.
1771 3047 1858 3122 sifer-

205 3119 294 3176 nebor
310 3121 444 3179 duntaxat
462 3141 494 3182 ex
515 3127 645 3186 vendito·
664 3126 719 3184 Sed
737 3145 831 3198 neque,
847 3127 1016 3183 slademen-
1044 3131 1171 3184 nasarius
1189 3140 1215 3198 9.
1231 3124 1266 3196 ff.
1285 3125 1326 3181 ad
1339 3128 1387 3200 leg.
1405 3127 1497 3196 Aquil.
1516 3123 1605 3186 Andr.
1623 3121 1708 3196 Gayl.
1725 3119 1855 3194 espigne-

204 3191 280 3262 dum,
297 3193 322 3250 dt
341 3189 387 3250 ille
405 3195 578 3254 vendiderit:
597 3212 682 3268 neque
699 3195 721 3252 si
739 3197 774 3255 ad
788 3196 970 3266 vendendum,
987 3197 1014 3254 dt
1044 3200 1140 3252 sarion.
1157 3193 1254 3253 observ.
1274 3193 1300 3252 5.
1317 3215 1421 3252 numer.
1439 3193 1467 3264 d.
1494 3191 1549 3254 Sed
1566 3199 1594 3253 ds
1612 3191 1673 3250 aliis
1691 3209 1773 3263 quum
1790 3189 1853 3260 plu-

145 3271 150 3281 '
188 3259 252 3319 ‚ille
269 3261 376 3332 emerit,
393 3263 497 3319 debebo
514 3268 610 3324 teneri.
630 3267 683 3326 Sed
701 3269 738 3336 dr,
755 3271 777 3322 sl
795 3268 936 3333 pecuniam
952 3267 1012 3336 qun
1043 3265 1120 3322 rimis
1137 3265 1225 3323 modis
1242 3267 1352 3322 institor
1380 3271 1545 3334 praeponenti
1571 3281 1619 3334 per
1646 3260 1749 3319 factum
1774 3275 1854 3318 strum

204 3331 348 3388 crediderit
360 3335 488 3406 institori,
507 3337 675 3394 ademendas
690 3347 791 3393 merces
808 3337 956 3405 preposito,
973 3333 1014 3390 lo-
1044 3346 1143 3391 nocet:
1160 3335 1194 3392 ad
1204 3335 1375 3394 vendendum
1392 3336 1467 3393 enim
1476 3339 1641 3392 constitutus
1658 3329 1790 3390 tradendo
1807 3347 1851 3385 re·

203 3418 249 3458 cus
266 3410 307 3458 est
325 3403 485 3460 institoris.
504 3402 632 3475 idemque
649 3419 698 3476 est,
717 3407 740 3461 si
751 3405 783 3462 ad
794 3407 948 3472 pensionem
984 3421 1015 3460 ro
1043 3419 1102 3461 rum
1116 3401 1310 3463 distendamus
1326 3404 1448 3462 dominia
1467 3405 1496 3460 in
1505 3409 1621 3466 erntoies
1628 3397 1776 3468 transser'ts
1792 3418 1854 3469 pte·

101 3517 106 3528 .
203 3471 319 3528 taberna
336 3471 547 3544 exsolvendoms
564 3478 587 3533 si
606 3478 688 3534 modo
704 3472 871 3545 prohibitum
889 3491 945 3530 non
967 3492 1014 3531 ue-
1041 3475 1081 3530 tia
1099 3488 1235 3532 conventa
1253 3471 1324 3532 rede
1340 3474 1512 3542 accipisssic
1529 3485 1560 3530 ut
1575 3485 1674 3545 emtor,
1688 3473 1736 3544 qui
1751 3487 1783 3528 ea
1800 3467 1851 3524 bo·
1878 3491 1883 3498 ·

202 3545 239 3596 rit
257 3545 393 3600 mutuari.
423 3539 459 3600 Et
476 3549 498 3599 si
515 3551 560 3614 el,
576 3563 655 3616 quem
672 3547 707 3602 ad
726 3544 896 3602 vendendum
920 3559 1013 3600 emen-
1042 3560 1077 3600 na
1098 3541 1149 3602 fide
1166 3545 1303 3613 prestitit,
1329 3545 1429 3602 iterato
1445 3541 1548 3600 solvere
1563 3543 1676 3601 domino
1701 3558 1758 3597 non
1775 3555 1850 3596 com-

203 3611 302 3669 dumve
319 3612 407 3670 oleum
426 3615 574 3684 preposui,
597 3630 721 3674 mutuum
738 3612 829 3670 oleum
844 3613 940 3669 detrun
958 3615 1012 3686 ait,
1041 3612 1168 3684 pellatur,
1186 3615 1210 3669 si
1229 3615 1382 3671 institorem
1401 3614 1559 3671 inidoneum
1585 3609 1644 3669 fieri
1660 3623 1708 3668 aut
1726 3608 1786 3667 foro
1802 3625 1849 3664 ce-

202 3681 346 3741 dicenclutn
364 3685 417 3741 erit
429 3686 594 3742 institoriam
612 3685 702 3742 lecum
713 3682 829 3740 babere.
848 3679 917 3740 Item
934 3685 1009 3739 siln-
1040 3686 1105 3741 derc
1120 3683 1279 3757 contigerit,
1295 3687 1325 3743 δι
1342 3682 1378 3739 ob
1396 3684 1424 3742 id
1441 3683 1567 3742 dominus
1584 3699 1692 3740 servare
1708 3679 1744 3736 ab
1760 3695 1848 3736 eore-

200 3753 301 3820 stitor,
319 3769 381 3808 curn
398 3753 487 3811 oleum
507 3754 691 3826 vendidisset,
708 3751 838 3810 annuitun
857 3752 941 3809 assic
960 3769 1011 3810 no-
1041 3769 1100 3810 rum
1119 3755 1206 3822 pretia
1223 3771 1280 3812 non
1299 3759 1436 3825 potuerits
1463 3769 1512 3810 neo
1529 3753 1617 3809 etlam
1633 3753 1758 3812 domnus
1779 3763 1848 3806 con-

199 3823 276 3878 mine
293 3824 435 3892 acceperit,
454 3841 503 3880 nec
521 3839 581 3878 eum
600 3825 713 3896 reddat·²
729 3825 856 3881 dominus
874 3823 1010 3879 institoria
1040 3824 1133 3881 venire
1150 3829 1232 3892 poscit
1247 3841 1303 3894 eos,
1321 3825 1355 3882 ad
1373 3841 1439 3896 quoa
1456 3838 1546 3882 tetum
1563 3839 1673 3880 suatum
1687 3823 1784 3891 pretim
1802 3823 1848 3872 in·

200 3903 324 3951 tenetur:
352 3907 416 3946 narn
441 3889 496 3960 ejus
522 3895 561 3950 rei
587 3911 688 3965 causa,
713 3895 742 3948 in
760 3908 838 3959 quarn
857 3894 1010 3964 prepositus
1038 3894 1142 3950 stitoria
1160 3891 1250 3967 satio,
1268 3906 1467 3964 pervenerunt,
1497 3893 1561 3952 dum
1580 3895 1604 3950 is
1622 3887 1691 3950 sorte
1705 3907 1768 3948 asos
1784 3903 1849 3956 pro-

201 3959 273 4030 fuit,
299 3957 469 4018 contrabium
486 3975 539 4022 est:
570 3966 622 4020 nisi
641 3959 712 4020 forte
728 3963 887 4020 mandatum
912 3968 937 4020 el
956 3960 1008 4020 litt
1039 3966 1108 4030 prior
1123 3978 1157 4018 ex
1175 3967 1233 4020 istis
1251 3966 1370 4032 pecuniis
1387 3963 1491 4022 dimisit
1512 3961 1675 4033 creditores,
1702 3959 1773 4016 bona
1794 3954 1849 4016 fide

199 4035 322 4098 prasenti
341 4034 450 4096 petuma
470 4049 575 4091 estere.
593 4029 705 4118 Quare,
724 4035 746 4086 si
764 4028 835 4089 forte
851 4034 946 4106 pignus
963 4034 1009 4088 in·
1037 4032 1142 4090 easdem
1160 4032 1339 4102 recipientes.
1356 4028 1434 4159 guin
1445 4035 1510 4103 imo,
1526 4037 1550 4089 si
1564 4027 1770 4102 morescpettes,
1786 4027 1849 4097 qui·

197 4099 278 4156 stiror
295 4097 331 4156 ob
366 4106 462 4157 retium
489 4115 638 4174 acceperit,
665 4103 805 4161 institoria
832 4100 905 4159 locus
933 4107 1006 4160 erit.
1038 4100 1086 4157 bus
1094 4099 1233 4172 vulgatum
1250 4114 1301 4172 est,
1317 4119 1361 4162 mo
1382 4102 1429 4158 ilia
1441 4121 1496 4160 non
1507 4101 1606 4162 babere
1619 4099 1762 4175 sequelam,
1778 4113 1849 4157 veo·

199 4166 276 4240 Quin
295 4171 322 4226 dr
342 4118 497 4242 ddeiussori,
515 4175 560 4240 qui
578 4188 628 4256 pro
643 4177 767 4229 institere
785 4177 942 4242 intervenit,
960 4189 1008 4241 pro
1036 4171 1105 4228 ditio
1123 4187 1169 4238 per
1187 4171 1339 4228 institorem
1368 4169 1579 4244 nosceretis,
1605 4169 1734 4230 transibit
1758 4182 1850 4226 rerum

199 4241 383 4306 recuperando
398 4242 510 4308 eoquod
518 4239 612 4313 solvit,
630 4242 766 4299 institoria
777 4243 928 4310 competit,-
944 4244 1006 4309 quia
1036 4239 1209 4297 venditarum
1224 4242 1384 4313 dominium,
1399 4245 1426 4303 δι
1441 4247 1627 4303 numeratione
1644 4241 1724 4311 pretii
1736 4243 1851 4294 instito-

197 4305 332 4374 bdeiuasio
347 4307 450 4382 sequela
468 4307 525 4379 eius
536 4312 623 4372 reieci
651 4313 830 4369 cuidominus
846 4313 1003 4366 institorem
1037 4314 1061 4364 ri
1078 4305 1148 4368 faits
1166 4323 1253 4369 emtor
1272 4309 1451 4382 liberabitur,
1477 4320 1530 4372 etsi
1549 4315 1659 4372 institor
1685 4307 1850 4380 prohibente

197 4377 315 4450 praese'cit
341 4379 404 4436 ul.
422 4381 567 4452 quicunque
584 4381 607 4436 5.
638 4381 764 4450 poinde
786 4395 825 4436 ra.
848 4377 887 4435 si.
909 4377 950 4446 td.
959 4379 1003 4437 ¹15.
1034 4379 1147 4435 domino
1169 4399 1211 4438 ses
1227 4381 1394 4442 ἀιιιιικιιιει
1420 4390 1521 4443 ειιιιιιιι
1549 4384 1622 4445 bona
1639 4381 1710 4453 fide,
1738 4377 1781 4435 vel
1799 4393 1848 4436 eas

198 4449 241 4508 16.
253 4444 290 4520 ᾖ
307 4421 331 4508 d
350 4467 370 4506 e.
397 4449 476 4510 Adde
494 4451 519 4522 i,
535 4469 557 4507 ι.
574 4445 652 4513 (9'5.
670 4453 698 4508 C.
718 4451 743 4508 l.
761 4467 783 4508 e.
813 4447 873 4507 Nec
890 4448 1006 4508 multtum
1033 4465 1082 4505 auo
1099 4450 1240 4538 creditori,
1255 4453 1284 4508 in
1296 4449 1368 4510 bona
1386 4451 1437 4512 fide
1449 4455 1611 4525 constituto,
1627 4452 1743 4512 dedisset
1761 4449 1850 4506 inso-

196 4527 308 4580 interest
325 4519 368 4578 his
385 4522 420 4588 in,
432 4519 539 4577 casibus
549 4562 558 4593 ,
574 4533 663 4578 utrum
680 4523 746 4576 vivo
763 4531 951 4591 praeponente,
968 4537 1004 4578 an
1034 4516 1129 4588 lutum,
1146 4533 1194 4580 aut
1211 4525 1320 4594 pignori
1334 4523 1497 4597 obligasset,
1514 4527 1629 4585 adeout
1648 4513 1699 4582 bor
1713 4536 1848 4578 αιιιοιι-

194 4609 228 4648 eo
246 4589 299 4662 jam
316 4601 434 4663 morteto,
450 4592 560 4646 institor
575 4595 833 4661 contraseiit,'curn
851 4589 878 4646 id
897 4587 943 4644 hic
955 4607 1003 4646 ne·
1033 4587 1105 4644 ditor
1122 4591 1254 4648 institoris
1270 4611 1315 4651 eas
1333 4612 1389 4652 non
1408 4598 1459 4652 nisi
1477 4607 1537 4664 post
1555 4593 1708 4664 luitionem,
1732 4589 1779 4650 sod
1796 4587 1847 4649 de·

170 4707 174 4714 .
194 4662 352 4734 gotiationis
369 4679 415 4718 seu
429 4662 569 4727 promiscui
585 4683 648 4720 usus
667 4661 782 4731 favore,
809 4669 903 4726 preter
921 4671 1002 4716 natu·
1034 4655 1084 4714 biti
1100 4657 1279 4734 solutionem,
1305 4666 1413 4736 reddere
1429 4667 1545 4724 omnino
1561 4661 1726 4737 praeponenti
1753 4675 1847 4735 tenea-

193 4745 253 4786 ram
270 4732 401 4801 mandati,
418 4745 552 4801 receptum
569 4737 614 4802 sit,
631 4732 701 4800 quod
719 4741 807 4789 morte
824 4731 1003 4800 proponentis
1032 4739 1086 4801 tur,
1103 4745 1198 4789 succus
1217 4735 1402 4805 Ancusepiens.
1427 4739 1469 4794 ιιι.
1488 4734 1533 4796 58.
1549 4753 1606 4796 ast.
1625 4735 1651 4796 5.
1679 4731 1847 4795 Neostadius
