4022 5354
190 199 329 305 hm
726 197 730 204 ’
905 231 1197 307 mama

205 329 385 400 probatusque
402 334 516 389 mrtium
526 319 723 404 usuasuerit,6.
737 333 844 402 aprunii
862 325 907 388 ιδ.
926 331 1019 390 Inruit.
1049 336 1078 390 in
1094 334 1211 390 alterurn
1237 333 1368 390 ornauit.
1389 327 1421 390 ln
1485 343 1501 388 t
1523 325 1638 402 domus,
1656 330 1687 388 ln
1705 346 1758 406 qua
1776 327 1868 404 lusum

206 401 237 457 do
256 401 358 477 legatis,
375 400 393 456 Ι.
412 405 460 460 ult.
479 407 507 459 in
520 402 599 471 pne.
618 413 750 458 commun.
769 402 802 458 do
818 405 922 480 legatis,
939 403 957 460 Ι.
975 403 1024 460 sed
1047 414 1107 477 est,
1133 399 1305 476 publicatur,
1332 403 1418 462 luit.
1459 400 1511 458 .b.
1528 419 1548 459 t.
1567 407 1677 472 pecunia
1706 407 1737 461 in
1755 404 1866 464 aleo-ea

205 483 268 529 cunr
285 468 364 527 norbo
382 471 424 542 ιΙ.
439 471 643 548 ffiolujudiciis
661 479 744 532 etiarn
762 479 792 532 in
810 476 872 544 ipsis
887 469 1020 547 pelicibus
1047 477 1130 534 missa
1148 493 1204 534 non
1222 479 1350 549 erigitur,
1366 471 1414 532 sed
1432 473 1604 544 potius-data¹
1620 491 1699 544 super
1716 474 1783 534 aleae
1800 474 1867 538 ludo

205 557 239 600 aa
256 542 375 606 denariis
391 544 526 616 eligendis
550 535 627 614 (con
642 563 672 603 et
691 542 824 604 Pelletunr
841 543 952 602 bistonio
962 542 1021 620 fini
1048 548 1142 604 cautio
1158 547 1238 605 irrita
1254 559 1296 608 est
1314 563 1346 602 ac
1364 545 1470 606 conditi
1489 557 1585 618 potest,
1603 547 1669 614 quin
1688 549 1716 607 dt
1734 547 1774 622 id,
1791 549 1868 620 quod

204 611 387 680 Roononilib.
403 614 431 682 5,
450 632 506 686 cop.
526 629 550 687 7.
561 611 623 688 foro
640 619 670 672 in
684 611 746 686 pr.)
763 629 856 674 tannen
872 629 952 676 extra
970 618 1019 676 ne·
1048 633 1083 676 es
1101 617 1159 677 alea
1176 615 1230 689 jam
1243 616 1367 676 solutum
1385 611 1455 689 fuit,
1473 619 1557 684 repeti
1584 633 1632 684 per
1651 615 1790 680 ludentem
1817 633 1867 680 aut

203 687 357 748 cessitatem
374 705 420 756 per
438 681 527 758 jocum
544 685 681 759 lusumque
698 683 776 744 obriti
792 701 876 760 sorte,
885 687 967 746 variis
983 702 1018 746 ex
1049 686 1163 750 heredes
1185 682 1243 748 e'us
1253 731 1263 763 ,
1280 701 1311 746 ut
1330 693 1357 748 ur
1376 705 1422 758 per
1448 700 1554 758 patrem
1570 686 1612 746 vel
1629 689 1772 750 'dominum
1788 689 1866 768 ejus,

203 763 292 814 caruis
315 753 472 825 ptobrmnnr
490 754 625 830 habitum,
642 756 668 814 Ι.
686 756 703 817 Ι.
720 755 747 814 6
765 757 798 828 (a
817 760 865 816 ult.
883 755 964 822 Unde
988 761 1018 820 dt
1047 761 1096 836 qui
1122 761 1152 817 ln
1178 705 1236 820 alea
1254 760 1366 830 amisita
1392 756 1434 816 vel
1452 775 1500 830 per
1518 758 1614 816 fiscum
1636 773 1683 818 aut
1711 769 1866 836 episcopam
1902 801 1907 815 .

202 830 289 886 animi
308 829 381 886 vitis
397 830 606 888 adnumeratum
630 824 867 887 aluristnnsultis
883 825 1019 892 Romanis
1050 829 1091 888 vel
1118 831 1277 904 presidem,
1301 845 1476 906 erogaturum
1503 844 1658 900 recuperata
1687 834 1715 891 in
1743 832 1866 906 publicos

203 897 350 957 aleatorem
367 918 441 972 esse,
469 913 684 971 sequereturne
701 900 854 974 creditura,
882 902 1018 960 vinarium
1046 919 1130 972 nura
1156 903 1198 962 vel
1224 903 1343 974 denique
1367 919 1412 974 pet
1430 901 1577 976 quemlibet
1603 917 1638 961 er
1665 905 1763 978 populo
1788 909 1866 964 intra

204 984 302 1043 quem,
319 982 367 1028 aut
385 968 508 1046 gtrloutm
532 970 670 1039 existere,
687 983 736 1028 aut
753 973 943 1045 inrpmtorun,
970 987 1017 1032 atu
1047 989 1135 1031 annos
1161 971 1378 1048 quinquaginta,
1405 973 1422 1048 Ι.
1441 975 1489 1030 uir.
1506 971 1545 1043 ιι.
1577 987 1599 1028 ι.
1621 971 1657 1044 ff.
1676 975 1701 1033 b.
1721 976 1777 1034 nl.
1800 995 1824 1036 r.
1843 978 1865 1034 l.

201 1043 380 1112 modicam,
396 1055 442 1098 aut
461 1040 627 1115 litigiosum,
644 1043 663 1099 l.
681 1039 713 1098 oi
728 1061 783 1115 qno
808 1041 890 1114 Η.
908 1047 975 1100 ium
991 1058 1022 1108 a..
1048 1046 1098 1102 ule.
1128 1045 1157 1102 C.
1176 1045 1203 1102 b.
1231 1065 1253 1102 r.
1271 1052 1311 1104 ita
1339 1060 1369 1103 ut
1388 1062 1444 1102 non
1462 1041 1649 1102 modovillor
1667 1047 1742 1121 ipse,
1768 1049 1866 1114 sed&

201 1113 222 1170 Ι.
241 1113 333 1170 ooiiiu
353 1113 396 1170 u5.
414 1106 442 1188 ᾗ.
460 1112 506 1170 boc
522 1132 613 1170 outsm
640 1111 668 1172 6.
678 1107 718 1183 ffl
732 1111 764 1168 de
780 1113 961 1171 ornianus).
978 1111 1017 1173 Ut
1047 1111 1158 1175 heredes
1183 1114 1242 1189 ejus
1258 1115 1295 1176 ad
1320 1115 1522 1190 restitutionem
1544 1113 1723 1183 compellendi
1741 1119 1818 1191 sint,
1836 1115 1865 1180 d

143 1201 156 1218 t
202 1185 318 1256 proinde
336 1182 427 1242 aalide
451 1184 560 1245 censeri
571 1180 689 1242 debeant
705 1199 800 1242 omnes
826 1183 878 1246 illa
897 1203 1016 1245 converr-
1046 1186 1065 1244 l.
1086 1202 1110 1246 ι.
1129 1185 1157 1242 C.
1177 1189 1202 1246 i.
1219 1205 1241 1244 ι.
1268 1203 1345 1256 parer
1370 1191 1453 1244 etiam
1479 1189 1511 1242 ac
1538 1187 1666 1244 dominus
1688 1187 1721 1246 fil
1734 1187 1868 1248 ilamiiias

202 1258 312 1342 tiones,
328 1254 426 1326 quibus
445 1257 471 1313 id
488 1257 595 1328 agitur,
612 1267 644 1312 ut
661 1271 678 1311 a
695 1251 765 1314 ludis
791 1253 947 1329 hujusmodi
965 1257 1016 1312 int·
1046 1269 1093 1316 aut
1110 1260 1180 1318 servi
1199 1255 1319 1330 vilioris,
1335 1258 1432 1318 saltem
1463 1267 1577 1316 uatemss
1594 1275 1628 1314 er
1645 1259 1773 1318 eolucro
1791 1267 1868 1334 turpi

201 1326 324 1400 probatas
349 1324 536 1395 abstineatur,
564 1324 666 1397 velnu,
692 1327 716 1384 si
733 1326 812 1387 alteri
839 1327 898 1398 quis
915 1340 1017 1386 certam
1046 1329 1076 1384 in
1163 1328 1200 1385 iio
1216 1342 1267 1402 est,
1285 1328 1311 1386 Ι.
1330 1331 1348 1387 Ι.
1366 1329 1415 1387 oi.
1435 1275 1471 1396 Ι.
1494 1346 1515 1385 ι.
1559 1369 1566 1384 .
1586 1326 1612 1384 b.
1631 1347 1652 1386 t.

200 1400 355 1471 promiserit
381 1397 496 1469 pecunie
531 1398 698 1457 tantitatem
718 1411 767 1456 aut
786 1413 845 1458 rem
870 1399 944 1458 selu
962 1416 1016 1468 ρω-
1081 1345 1229 1467 ffihec
1245 1419 1278 1457 co
1297 1417 1345 1459 ens
1370 1399 1520 1456 alteruma
1568 1397 1734 1470 ludendum,
1751 1407 1810 1464 sive
1827 1401 1867 1460 ab

200 1489 268 1528 narn
305 1471 328 1526 si
343 1467 491 1540 aliquando
506 1415 685 1546 :lealluseriu
711 1469 743 1525 Si
760 1474 834 1526 enim
860 1464 1016 1528 licite-sint
1045 1469 1155 1544 initio,
1186 1472 1243 1530 sive
1287 1489 1335 1528 um
1360 1467 1446 1526 vilius
1473 1465 1605 1528 viliorem
1632 1473 1756 1546 retinet,
1781 1486 1864 1534 extra

201 1543 275 1611 stipo
287 1541 390 1600 stiones
407 1537 602 1609 poenaltscirca
619 1537 728 1612 negotia
744 1540 773 1598 Cr
792 1535 874 1608 falla,
891 1557 947 1610 qun
965 1555 1015 1596 na·
1045 1540 1169 1609 ordinem
1187 1543 1351 1601 coercendus
1366 1553 1426 1612 est,
1452 1543 1489 1598 ita
1506 1551 1538 1597 ut
1556 1539 1599 1616 vel
1616 1545 1771 1614 pecuniaria
1791 1545 1865 1603 mul*

202 1625 266 1670 tura
283 1630 333 1672 sua
359 1628 410 1668 nec
428 1608 541 1667 honesta
559 1629 609 1668 nec
625 1612 728 1681 turpia,
745 1605 792 1671 sed
808 1609 969 1682 moraliter,
985 1621 1016 1668 ut
1045 1608 1134 1670 &etur
1151 1610 1251 1672 multia
1263 1633 1284 1684 ,ν
1296 1609 1340 1674 vel
1359 1611 1387 1666 in
1407 1610 1534 1668 latumias
1561 1624 1608 1667 aut
1627 1612 1735 1670 vincula
1753 1614 1865 1686 publiea

201 1679 369 1756 loquuntur,
396 1680 577 1750 indill'er‘entia
603 1695 686 1754 sunt,
714 1677 749 1740 ad
773 1679 803 1739 id
821 1699 857 1738 ne
883 1679 969 1753 liant,
987 1683 1015 1742 dr
1044 1683 1168 1754 ducatur,
1186 1680 1307 1753 pretoria
1324 1681 1451 1756 arbitrio,
1469 1683 1488 1739 Ι.
1511 1699 1533 1737 ι.
1551 1674 1577 1756 6.
1596 1685 1645 1739 ult.
1664 1685 1683 1740 Ι.
1703 1703 1729 1740 a.
1741 1682 1780 1756 ff.
1794 1687 1821 1744 h.
1839 1711 1863 1748 o.

199 1771 280 1829 poena
297 1753 418 1812 solvatur
434 1752 457 1814 si
476 1748 549 1810 falla
566 1753 631 1823 sint,
646 1743 674 1825 ᾗ.
685 1752 735 1810 ult.
755 1747 848 1809 instit.
865 1750 897 1806 da
915 1750 1015 1809 verbor.
1045 1749 1100 1810 n'ed
1118 1757 1148 1811 dr
1174 1753 1308 1826 instigans
1323 1768 1432 1811 servum
1458 1765 1505 1811 aut
1524 1750 1730 1814 filiumfamilias
1756 1760 1792 1818 ad
1820 1758 1865 1816 lu-

199 1826 275 1900 oing.
294 1826 374 1898 longe
391 1829 476 1896 magis
493 1820 636 1894 probante
655 1817 777 1894 fuerint,
794 1823 818 1880 sl
837 1827 1014 1894 interponan-
1045 1821 1169 1883 dendutn
1194 1827 1266 1892 parri
1286 1824 1329 1880 rel
1356 1822 1470 1882 domino
1498 1824 1655 1894 injuriarum
1673 1838 1801 1900 tenetur,
1819 1831 1865 1890 vel

200 1911 248 1956 tur
264 1915 317 1967 pro
330 1895 453 1954 arcendis
471 1896 515 1967 iis,
532 1913 589 1964 quar
607 1907 655 1950 aut
672 1891 794 1951 naturali
812 1907 860 1951 aut
877 1891 954 1950 civili
971 1908 1014 1950 ra·
1044 1897 1116 1950 servi
1142 1896 1261 1964 corrupti
1279 1893 1405 1967 aliisue,
1424 1897 1443 1952 Ι.
1462 1896 1485 1950 si
1511 1897 1568 1966 quir
1586 1915 1692 1955 servum
1719 1899 1762 1957 26.
1774 1897 1812 1974 ff.
1831 1903 1867 1961 de

198 1975 277 2031 tione
293 1973 383 2038 turpia
407 1964 501 2026 habita
519 1963 675 2038 legibusque
700 1961 864 2024 roser-diua.
894 1961 969 2023 Nam
985 1967 1015 2024 dr
1044 1962 1173 2037 injuriis.
1191 1963 1314 2036 Denique
1331 1967 1355 2021 si
1372 1967 1477 2024 aleator
1494 1965 1523 2021 in
1542 1963 1601 2022 alea
1619 1985 1677 2029 rem
1694 1971 1813 2045 vendat,
1831 1979 1862 2036 ιιι

148 2051 152 2062 ’
199 2057 263 2100 eum
285 2040 384 2098 mulier
408 2035 445 2094 ab
461 2055 514 2108 eo,
542 2041 570 2092 in
587 2037 663 2107 cujus
687 2035 890 2093 matrimonium
914 2053 1014 2094 conve·
1041 2031 1131 2094 'evrdla
1148 2053 1177 2094 re
1194 2043 1382 2110 conveniatur,
1400 2049 1532 2096 amtorem
1549 2045 1705 2107 exceptione
1721 2043 1859 2108 penditio·

199 2111 305 2184 ruebat,
322 2107 451 2182 stipulata
467 2121 536 2166 esset
553 2109 680 2177 ducenta,
699 2107 722 2163 si
738 2104 886 2163 concubine
903 2121 1016 2231 tompore
1045 2110 1085 2184 nis
1104 2110 1133 2161 in
1158 2104 1217 2163 alea
1233 2102 1377 2164 contralla
1405 2119 1494 2176 potest
1511 2123 1681 2170 summovere
1690 2153 1700 2186 ,
1716 2109 1735 2169 Ι.
1754 2116 1778 2170 si
1790 2111 1862 2182 filio·

197 2183 369 2241 matrimonii
384 2178 599 2238 consuetudinem
608 2178 934 2248 romaiisrestresponsum
964 2179 1015 2247 uit,
1036 2176 1165 2250 samium
1183 2192 1208 2234 a.
1226 2175 1252 2252 6.
1276 2195 1300 2234 ι.
1320 2169 1360 2248 ffl
1374 2196 1490 2249 quarum
1516 2199 1557 2234 neo
1575 2181 1631 2237 oti.
1647 2201 1699 2238 non
1725 2181 1819 2255 dnos,
1836 2187 1860 2243 Ι.

197 2253 272 2311 nihil
290 2271 373 2311 caussa
389 2269 465 2321 esse,
487 2267 584 2308 cnr-ex
603 2249 792 2322 stipulatione,
808 2265 864 2324 qus
880 2263 917 2306 ex
936 2244 1016 2304 bonis
1046 2251 1078 2304 in
1095 2248 1286 2318 exceptionibus
1319 2261 1357 2320 ¹9·
1377 2241 1404 2322 6.
1423 2248 1471 2305 uir.
1491 2245 1530 2318 ff.
1546 2247 1579 2305 do
1593 2249 1737 2318 probation.
1755 2251 1859 2330 Plane,

198 2323 322 2382 motibus
338 2331 469 2392 concepta
487 2318 588 2393 suerat,
605 2319 703 2380 mulier
720 2320 830 2391 impleta
853 2315 1015 2376 conditione
1042 2325 1066 2377 si
1092 2319 1151 2388 quis
1178 2317 1288 2378 ludendi
1304 2331 1427 2376 mutuam
1454 2319 1482 2373 in
1502 2318 1560 2376 alea
1586 2319 1694 2381 dederit
1719 2327 1862 2394 pecuniam

198 2399 342 2466 pecuniam
359 2391 468 2466 adsequi
486 2411 540 2448 non
560 2404 659 2464 posset,
677 2393 696 2448 l.
716 2411 746 2446 os
763 2409 797 2446 oo
814 2405 888 2462 pom
900 2403 971 2465 =rar.
987 2383 1014 2464 β.
1043 2386 1155 2446 ludendi
1173 2406 1264 2462 causa,
1281 2403 1406 2447 mutuum
1416 2401 1533 2459 repetere
1549 2397 1672 2462 nuspiam
1689 2391 1791 2464 injure
1808 2405 1862 2453 no·i

197 2467 296 2525 molior
322 2485 344 2523 r.
366 2461 405 2537 ff.
422 2463 455 2520 do
472 2461 569 2522 verbor.
596 2461 669 2538 oblig.
685 2459 793 2536 Quibus
820 2477 876 2516 non
903 2472 1014 2517 contra·
1043 2475 1100 2518 stro
1118 2456 1294 2530 prohibeturr
1311 2463 1339 2520 dr
1358 2461 1547 2530 repetitionem
1565 2469 1641 2521 istius
1658 2467 1747 2524 mutui
1764 2471 1872 2528 suadet·

197 2539 267 2597 dicit
287 2535 439 2607 Ulpianus,
456 2533 523 2592 dum
540 2536 597 2606 ait,
613 2533 637 2592 si
655 2531 690 2590 ob
709 2529 888 2601 maleficium,
906 2549 938 2586 no
947 2527 1015 2604 fior,
1043 2543 1230 2605 argumentum
1248 2547 1280 2590 et
1298 2534 1316 2590 i.
1334 2530 1405 2658 ,uod
1419 2531 1444 2586 ri
1460 2549 1547 2591 seruus
1565 2529 1627 2604 Μ
1646 2553 1694 2591 noc
1711 2555 1763 2592 non
1780 2535 1807 2595 6.
1825 2535 1860 2610 ff.

196 2608 358 2680 promissum
374 2611 420 2678 sit,
439 2602 605 2668 nullamesse
620 2619 656 2664 ex
675 2601 725 2661 hac
743 2602 927 2662 conventione
942 2599 1013 2659 obli·
1043 2602 1075 2657 ds
1093 2603 1304 2675 inremotus,
1322 2621 1340 2658 u
1360 2605 1369 2656 i
1388 2601 1417 2657 ln
1436 2602 1611 2660 remdomini
1639 2621 1745 2662 versum
1763 2603 1860 2665 Labeo
1928 2615 1934 2621 '

197 2681 340 2754 gerionem
368 2679 385 2736 Ι.
398 2679 474 2750 juris
486 2681 609 2752 gentium
628 2691 654 2748 7.
671 2667 697 2746 6.
716 2674 740 2732 ri
757 2672 788 2730 ob
804 2673 969 2744 maleficium
987 2669 1013 2730 3.
1043 2677 1105 2744 ait,
1123 2673 1194 2741 quod
1213 2686 1354 2733 mutuatus
1371 2690 1462 2731 servan
1477 2673 1586 2730 domino
1612 2675 1680 2735 emit
1696 2675 1807 2732 volenti·
1818 2679 1857 2734 aii

150 2759 151 2764 ’
194 2747 276 2824 ffido
291 2767 327 2822 pa
356 2752 395 2822 ir,
411 2764 474 2806 cum
492 2763 549 2810 non
568 2748 638 2805 alius
657 2745 773 2804 istorum
791 2741 935 2802 verborum
951 2761 1013 2801 sen·
1043 2741 1154 2806 luxurias
1173 2746 1334 2816 materiam,
1357 2763 1395 2802 un
1414 2757 1494 2800 uenra
1511 2739 1598 2815 forte,
1620 2745 1663 2804 vel
1688 2749 1710 2801 si
1736 2745 1800 2814 quid
1818 2747 1867 2805 ail·

200 2829 244 2880 sus
261 2829 315 2893 sit,
342 2835 424 2894 quam
440 2819 512 2889 quod
538 2815 671 2894 obligatio
688 2815 762 2874 nulla
788 2829 916 2873 nascatur
932 2831 965 2871 ex
982 2831 1013 2874 ea
1042 2814 1154 2874 delicias
1184 2814 1228 2872 vel
1246 2821 1267 2874 si
1286 2816 1350 2886 quid
1369 2761 1413 2874 ael
1422 2825 1511 2885 turpes
1534 2830 1640 2873 sumtus
1664 2814 1858 2874 subministra-

200 2896 394 2964 conventione,
411 2893 539 2965 qusquis
557 2887 637 2946 alteri
664 2887 768 2944 romisit
785 2885 860 2956 dare,
877 2891 900 2941 si
919 2885 951 2956 is,
968 2889 1014 2942 cui
1045 2891 1145 2956 vit,=eo
1172 2886 1243 2959 quod
1262 2903 1319 2943 non
1336 2883 1503 2960 spoliamus,
1525 2903 1560 2944 an
1579 2885 1652 2944 bono
1677 2887 1781 2946 domini
1798 2905 1859 2945 ces·⁴

198 2959 271 3021 frua
288 2963 465 3034 pronissime
482 2955 617 3016 maleficio
633 2905 791 3030 abstineret,
800 2954 895 3026 veluti,
904 2953 1014 3080 quando
1042 2962 1124 3028 serit,
1151 2956 1221 3026 quod
1248 2973 1420 3020 consumtum
1446 2971 1506 3032 est,
1534 2958 1579 3017 sed
1597 2969 1632 3015 a'n
1661 2959 1689 3016 in
1718 2959 1860 3032 negotium

196 3035 289 3094 Titius
316 3028 415 3092 illuvio
431 3041 541 3086 centum
559 3029 713 3099 promittit,
732 3048 768 3089 ne
797 3027 820 3082 is
845 3033 913 3082 sacri
925 3027 1013 3098 egium
1041 3026 1166 3083 domini.
1185 3026 1216 3086 Si
1233 3033 1305 3085 enirn
1324 3030 1357 3087 de
1376 3029 1405 3086 in
1424 3045 1480 3085 rem
1499 3045 1577 3104 verso
1595 3027 1668 3090 afiio
1685 3031 1779 3103 duur,
1795 3045 1860 3087 cunr

198 3117 246 3162 aut
265 3101 369 3160 lurtum
388 3099 481 3172 saciat,
500 3117 568 3160 neve
585 3097 722 3156 hominem
740 3097 864 3154 occidat.
883 3094 944 3156 Nec
960 3099 1012 3153 mi·
1043 3099 1155 3166 pecunia
1177 3117 1255 3158 servo
1271 3100 1376 3158 credita
1401 3101 1436 3159 acl
1453 3112 1543 3170 turpes
1561 3101 1667 3170 sumtus
1684 3102 1795 3160 domino
1813 3117 1861 3170 per

198 3191 272 3244 sum,
287 3190 349 3230 cum
367 3175 396 3234 ur
413 3173 540 3230 datorum
550 3171 676 3241 repetitio
693 3166 743 3224 tali
761 3167 791 3226 in
808 3182 928 3236 casuper
945 3185 1012 3228 con·
1041 3185 1147 3226 servum
1173 3168 1378 3229 subministrata
1401 3185 1459 3244 est,
1485 3173 1585 3242 quidni·
1606 3174 1636 3233 dt
1664 3170 1765 3231 altello
1782 3187 1859 3229 corrr-

198 3243 347 3303 diblionem
363 3263 398 3303 ex
425 3241 497 3311 turpi
515 3258 595 3298 causa
622 3257 638 3296 s
663 3237 723 3308 jure
737 3250 862 3294 concess
880 3239 934 3310 sit,
961 3255 1011 3294 au·
1041 3251 1141 3308 peteret
1157 3255 1191 3298 err
1209 3254 1303 3299 mutuo
1319 3242 1475 3315 conditiio,
1500 3241 1548 3301 ubi
1565 3245 1679 3302 domino
1696 3245 1755 3302 sine
1771 3247 1858 3302 inter-

198 3315 273 3374 uere
301 3317 359 3386 ipso
377 3310 496 3384 Ulpiano
521 3312 550 3368 in
570 3311 588 3367 Ι.
606 3327 636 3368 ut
661 3323 728 3379 puto
746 3325 770 3364 a.
783 3301 821 3378 ff.
840 3307 872 3372 de
900 3307 1010 3365 conditi.
1041 3311 1132 3370 medio
1149 3311 1220 3368 servi
1239 3312 1390 3369 ministerio
1400 3318 1429 3370 in
1446 3325 1555 3382 turpem
1573 3313 1636 3374 alea
1654 3313 1748 3373 ludum
1767 3327 1857 3373 mutu-

197 3385 229 3444 ob
246 3400 346 3455 rurum
363 3403 478 3442 courum
504 3380 602 3442 lohan.
622 3379 714 3448 Papon
732 3377 778 3436 lib.
797 3397 840 3435 ro.
859 3381 903 3436 rit.
926 3393 948 3436 r.
967 3397 1013 3452 ar·
1041 3397 1087 3437 um
1104 3379 1200 3438 datum
1225 3381 1287 3458 esti
1304 3381 1384 3441 Facit
1411 3402 1446 3454 qu
1484 3403 1516 3442 ue
1532 3387 1683 3460 eo,·qu0d
1699 3384 1772 3443 ind.
1792 3385 1810 3440 Ι.
1829 3400 1856 3442 a.

196 3474 260 3515 test.
282 3474 305 3514 ι.
324 3460 352 3514 in
370 3457 449 3525 noris,
466 3424 499 3517 6
517 3456 545 3509 in
564 3449 701 3522 appendio
722 3464 814 3505 anteit.
837 3466 860 3506 1.
1041 3451 1078 3520 χῖ.
1099 3469 1120 3512 ι.
1132 3451 1168 3520 ff.
1186 3467 1302 3522 quarum
1328 3474 1417 3511 rerum
1444 3475 1462 3510 a
1491 3459 1515 3512 io
1538 3475 1590 3513 non
1612 3457 1705 3529 datur,
1730 3456 1808 3513 emtIs
1824 3456 1855 3512 in

207 3525 259 3584 ·5.
276 3527 403 3586 Ceterum
431 3527 511 3584 saria
538 3541 584 3592 per
611 3519 681 3595 leges
709 3517 851 3582 Romanas
877 3537 958 3606 poene
981 3519 1011 3576 in
1041 3519 1100 3578 alea
1117 3519 1253 3604 celebrata
1271 3523 1478 3597 haudquaquam
1497 3527 1578 3582 irrita
1601 3529 1711 3596 dicitur,
1726 3527 1782 3585 'se'd
1802 3543 1855 3596 po-

170 3650 173 3657 .
195 3601 292 3658 odium
308 3597 456 3656 aleatorum
482 3600 635 3650 constitutae
652 3603 734 3650 sunt:
757 3608 822 3648 nam
839 3609 884 3660 qur
902 3592 1012 3650 domum
1042 3593 1190 3671 tiusbrma
1207 3611 1262 3664 esse
1280 3609 1312 3651 at
1331 3593 1421 3653 valida
1440 3604 1618 3670 supponitur,
1637 3617 1669 3654 ac
1686 3596 1743 3654 sola
1756 3601 1789 3657 de
1797 3601 1857 3654 evi·

199 3668 312 3741 prabuit
328 3673 364 3730 ad
382 3667 548 3736 ludendum,
565 3666 589 3721 si
607 3681 641 3722 eo
658 3675 780 3732 tempore
799 3658 902 3719 furtum
919 3664 944 3716 ei
962 3661 1012 3718 do·
1041 3658 1132 3720 &ione
1147 3659 1219 3720 allio
1236 3667 1334 3722 emtori
1352 3666 1523 3741 denegatum
1560 3687 1598 3728 uu
1615 3669 1761 3742 denegatio
1769 3663 1856 3728 aluo

195 3749 234 3799 ιιιι
252 3761 304 3800 sua
323 3738 425 3798 sallum
443 3739 479 3794 sit
516 3734 559 3792 vel
577 3731 730 3814 ubicunque
745 3736 774 3793 dr
799 3733 1012 3806 quandocunque
1041 3735 1084 3816 nis
1101 3734 1135 3792 de
1152 3729 1286 3795 evrurone
1302 3739 1393 3795 inanis
1411 3740 1526 3796 omnino
1540 3686 1645 3812 luisset,
1672 3743 1695 3795 si
1718 3749 1774 3797 nun
1791 3736 1857 3798 snb-

192 3811 276 3871 'fiterit
294 3811 423 3882 pulsatus,
440 3778 605 3876 verberatis,
622 3807 759 3877 inparium,
772 3805 936 3864 damnumve
951 3821 1011 3872 pas·
1041 3806 1154 3863 stitisset
1172 3805 1294 3864 venditio
1312 3807 1342 3864 in
1360 3808 1421 3868 alea
1438 3808 1598 3879 contradita
1616 3827 1679 3866 cunr
1702 3815 1731 3868 in
1757 3829 1792 3870 eo
1808 3827 1858 3868 ca-

194 3902 248 3954 sus,
264 3884 322 3941 sive
339 3900 356 3938 a
374 3879 514 3948 lusoribus,
530 3878 589 3934 sive
606 3873 642 3930 ab
659 3874 729 3946 aliis,
745 3893 796 3932 nec
814 3871 944 3942 poenalem
963 3890 1013 3930 nec
1041 3893 1082 3962 su,
1100 3883 1154 3946 'quo
1171 3877 1257 3934 emtio
1275 3877 1350 3935 nulla
1368 3896 1417 3950 est,
1436 3881 1583 3950 disputatio
1612 3897 1718 3956 quoque
1744 3883 1779 3942 ‹le
1795 3887 1857 3940 evi·

196 3957 235 4009 rei
250 3958 461 4021 persecutorum
487 3965 521 4006 eo
539 3953 651 4006 nomine
678 3943 812 4003 aaronem
831 3943 926 4002 haber.
947 3942 1012 4002 Gol-
1040 3941 1131 4004 &rone
1148 3963 1181 4003 ac
1198 3947 1233 4004 lis
1249 3949 1325 4007 nulla
1342 3971 1399 4012 esse
1409 3965 1506 4025 queat.
1532 3950 1783 4026 Puenturquehanc
1793 3969 1856 4012 sen-

195 4021 330 4080 iusnribus
346 4034 438 4079 tamen
458 4019 513 4078 hac
530 4021 612 4090 passis
628 4013 749 4076 oannes
766 4009 838 4096 haud
855 4015 1016 4090 denegato,
1042 4019 1156 4075 tentiam
1184 4016 1357 4080 Parladorius
1375 4043 1467 4082 rorum
1483 4024 1732 4096 quotidion.lib.'a.
1751 4038 1809 4094 top.
1848 4067 1857 4084 .

195 4095 319 4164 quamvis
336 4093 365 4152 ur
383 4091 411 4147 ιιι
429 4091 539 4162 rndrgnr
557 4089 720 4158 videantur,
738 4085 759 4142 1.
782 4101 804 4141 ι.
821 4100 859 4155 po.
879 4084 913 4150 ιιι
929 4085 966 4157 6.
990 4101 1011 4142 r.
1041 4105 1115 4144 nun.
1138 4105 1179 4145 ra.
1202 4085 1242 4146 13.
1260 4089 1430 4164 carpentius
1441 4094 1567 4222 ,ironico
1584 4099 1723 4156 criminali
1734 4111 1806 4167 pon.
1826 4037 1854 4155 l.

194 4165 220 4220 ι’.
238 4157 266 4220 5.
304 4162 356 4220 .b.
373 4177 394 4219 t.
414 4159 475 4220 Nec
492 4173 552 4230 est,
569 4158 640 4230 quod
659 4161 717 4230 quis
734 4169 827 4240 putet,
855 4174 887 4214 ea
905 4161 1012 4214 ratione
1040 4175 1128 4304 ,unsa
1153 4155 1211 4229 156
1230 4179 1305 4218 nurn.
1324 4179 1366 4236 27.
1387 4163 1439 4224 Ber
1453 4164 1537 4224 ichlus
1554 4164 1631 4223 decis.
1658 4165 1705 4227 66.
1730 4177 1808 4226 num.
1828 4169 1857 4229 6.

195 4235 233 4293 aa
249 4232 283 4290 de
295 4233 461 4304 inquendum
487 4246 711 4314 unumquemque·
728 4227 857 4313 invitari:
884 4245 946 4285 cum
964 4245 1011 4298 po·
1063 4231 1191 4289 dissentit
1208 4228 1419 4311 Groenewegen
1438 4237 1516 4293 dell.
1537 4235 1622 4314 oboog.
1641 4239 1682 4295 od
1696 4237 1856 4297 Fond'bm.

198 4307 271 4374 tius,
288 4307 310 4360 si
328 4309 474 4360 certiorem
499 4318 640 4376 sequamur
658 4313 811 4370 rationem,
835 4297 863 4358 sd
889 4300 929 4355 ita
946 4317 1010 4356 cau·
1040 4321 1067 4358 n.
1084 4297 1133 4374 6.)
1151 4301 1211 4362 Nec
1227 4300 1298 4362 reue
1315 4308 1344 4363 in
1362 4310 1531 4366 contrarium
1547 4311 1691 4370 adducitur
1719 4311 1736 4368 Ι.
1755 4313 1860 4382 siquis

196 4389 257 4434 tum
274 4377 319 4448 sir,
336 4376 371 4434 ad
390 4375 584 4440 vindicandum
600 4367 729 4430 delidlum
745 4386 859 4440 eomm,
875 4371 920 4438 qui
938 4369 1010 4444 alea·
1039 4390 1101 4430 com
1119 4375 1211 4448 scio-ot,
1229 4377 1255 4430 u.
1271 4370 1305 4446 ff.
1320 4391 1364 4446 pio
1381 4395 1487 4452 emtore,
1504 4381 1533 4436 in
1553 4380 1735 4452 qualulianus
1752 4381 1858 4452 irnpro-
1911 4407 1917 4413 ·

194 4446 299 4506 turibus
308 4443 462 4518 prabebant
471 4446 641 4500 occasionem
658 4441 799 4514 locumque
808 4439 926 4500 ludendi.
936 4438 1011 4498 Nam
1040 4441 1104 4502 bare
1122 4445 1229 4506 videtur
1254 4450 1412 4507 emtionem·
1427 4450 1464 4508 ab
1481 4448 1648 4524 eulaliam,
1675 4459 1721 4522 qui
1738 4455 1857 4523 pretium

196 4537 258 4578 cum
275 4521 310 4578 ad
328 4516 528 4588 impediendum
538 4512 612 4571 hunc
631 4511 735 4586 ludum,
753 4526 862 4584 propter
882 4505 1010 4596 frequen·
1040 4517 1196 4572 numeravit
1215 4519 1362 4592 venditori,
1380 4539 1440 4578 cum
1458 4523 1540 4580 sciret
1558 4525 1644 4596 ipsum
1662 4525 1690 4581 id
1708 4541 1856 4582 morscor-

194 4594 263 4648 tiam
281 4587 355 4662 eius,
379 4605 434 4645 non
452 4583 588 4644 sufficeret
607 4597 702 4654 prator
718 4587 851 4660 ceterique
869 4597 1010 4658 magistra·
1039 4599 1069 4644 to
1084 4587 1221 4658 daturum,
1238 4591 1347 4662 quando
1366 4597 1423 4650 ait:
1442 4595 1467 4648 ri
1484 4597 1552 4668 quir,
1569 4613 1631 4653 cunr
1650 4587 1736 4668 rilint,
1759 4594 1855 4654 vendi·
1930 4600 1936 4607 '

194 4677 255 4734 tus,
273 4658 374 4734 singuli
391 4659 427 4718 ad
446 4656 612 4728 ponendum
637 4653 788 4715 aleatorum
815 4667 1009 4725 receptatorem
1038 4673 1121 4716 toroni
1138 4661 1232 4715 statim
1246 4665 1387 4729 pecuniam
1416 4681 1627 4740 contentorum,
1653 4687 1737 4726 servos
1760 4666 1796 4724 oi
1826 4687 1857 4724 eo

192 4732 357 4794 autloritate
373 4729 481 4804 publica
501 4745 546 4801 per
562 4725 683 4786 edilium
701 4729 820 4796 pretoria
838 4724 946 4786 fuerunt
964 4743 1009 4782 ar·
1039 4731 1154 4799 emissor,
1171 4729 1284 4804 pinique
1302 4731 1497 4810 totunderunt,
1514 4753 1578 4795 eum
1595 4737 1766 4797 nihilominus
1784 4736 1856 4794 ione

192 4809 281 4871 maris
298 4821 331 4861 eo
350 4799 405 4862 fere
423 4801 523 4872 modo,
541 4816 594 4870 quo
612 4799 639 4858 id
659 4803 743 4856 etiam
771 4792 873 4856 fanum
901 4803 930 4855 in
949 4807 1010 4854 toto
1031 4799 1101 4872 fidoi
1117 4817 1243 4859 emtooem
1261 4823 1316 4861 osse
1326 4827 1337 4873 ‚·
1355 4803 1430 4878 idque
1448 4811 1538 4866 aerius
1556 4823 1614 4866 ert:
1631 4826 1681 4884 quo
1697 4809 1856 4868 modoiniin

190 4875 289 4948 titulo,
307 4892 339 4932 ac
357 4875 488 4945 precipue
512 4875 542 4934 in
560 4871 578 4927 Ι
597 4871 645 4930 ult.
669 4864 705 4941 ff.
722 4867 794 4948 quod
814 4873 922 4943 quisque
933 4869 1009 4953 ¹rionis
1038 4871 1115 4932 mola
1127 4869 1184 4947 fide
1200 4877 1295 4933 emisse
1310 4875 1432 4951 videtum
1450 4881 1495 4954 qui
1521 4901 1540 4938 a
1558 4879 1663 4940 domino
1688 4880 1773 4941 emir?
1799 4883 1855 4938 nui
