4022 5358
371 49 382 76 Ι

281 127 345 254 7Μ
902 182 970 250 Lib.
990 181 1015 247 l.
1035 179 1099 250 llil.
1114 181 1175 248 ur.

154 321 159 330 ,
242 283 305 355 qaia
320 273 443 350 nuspsi'rm
459 276 491 356 in
504 274 628 363 legibus,
644 275 679 338 de
703 273 895 360 comuetardine
921 272 1040 362 tradim-
1069 273 1166 334 abana
1183 267 1228 332 51.
1247 295 1322 335 numa
1344 285 1386 352 17.
1416 271 1455 335 16.
1482 269 1638 338 Maestus
1658 269 1697 332 'dr
1718 278 1879 406 {cabalari-

242 348 439 424 :imparitatum
455 349 621 420 judicialium
639 360 781 406 acoemetas
798 357 946 405 tarvenrtur.
970 362 1042 404 eane
1070 347 1180 406 conclus.
1198 343 1260 414 423.
1279 369 1354 408 nam.
1373 347 1417 406 26.
1436 347 1470 413 49
1488 365 1555 420 seqq.
1573 349 1607 411 dt
1624 363 1699 408 aum.
1737 365 1762 426 7.
1781 349 1824 412 55.
1839 354 1880 416 dt

137 445 140 448 ·
242 439 304 481 errat
321 418 395 478 adius
413 417 551 489 iudiciales
567 423 695 478 certiores
711 420 767 476 sint
794 421 823 477 dr
850 415 1041 488 evidentiores,
1070 418 1149 478 concl.
1168 415 1230 486 ded
1248 421 1276 476 ia
1291 435 1330 490 pr.
1352 421 1529 481 Christinatu
1546 422 1586 476 aa
1610 421 1663 496 bgr
1687 422 1815 482 sophtin.
1844 431 1880 482 itt

241 509 290 552 aut
306 489 404 548 saltem
420 493 564 549 certiorem
581 505 611 547 ut
629 491 775 562 plurinum
800 489 933 560 magisque
952 504 1041 558 prom·
1070 493 1163 565 epilogo
1178 508 1254 546 nuru.
1278 490 1318 562 rd.
1337 497 1452 550 notoriis
1471 489 1663 558 proculdubio
1690 509 1880 555 enumerati-⁶·

233 578 300 633 ,tam
316 580 349 620 ex
368 561 434 620 allis
461 561 575 632 publicis
599 561 789 632 probationem
816 557 953 624 babeants
984 575 1041 616 non
1070 563 1103 619 da
1122 571 1151 620 et
1168 578 1210 631 ea,
1227 579 1284 634 quae
1304 563 1410 632 publica
1428 562 1588 622 auitoritatc
1606 564 1636 618 in
1654 566 1812 636 scripturam
1830 583 1876 626 re-

241 639 350 714 mitum,
369 634 395 692 id
414 631 521 690 consilii
535 633 630 690 datum
646 651 701 690 esse
717 629 772 688 illis
799 631 844 700 qui
868 627 1042 712 cousumudi·
1070 631 1149 692 easta
1165 642 1216 702 est,
1235 645 1265 687 ut
1293 649 1396 704 potest:
1425 654 1488 692 nam
1514 638 1555 690 uti
1583 635 1618 692 ad
1645 639 1789 694 essentiam
1806 637 1881 712 legis

242 710 271 762 ni
290 707 419 764 civitatis·
439 717 486 759 aut
516 703 659 773 provincie
686 717 738 757 con
776 719 821 758 ere
848 699 985 771 velentur,
1011 711 1042 756 ut
1071 705 1204 774 scriptura
1221 709 1371 764 necesaria
1389 725 1445 763 non
1463 721 1513 778 est,
1533 709 1572 762 ita
1590 721 1624 763 err
1641 709 1755 766 adverso
1771 727 1822 767 nec
1839 709 1881 768 ad

242 781 357 848 primum
374 775 482 850 quidem
499 770 640 845 explorent
658 772 783 844 sollicite,
801 789 838 830 an
864 771 947 826 etiam
974 787 1041 852 con·
1071 775 1274 834 consuetudinis
1290 775 1438 834 essentiam
1456 779 1584 848 pertinet,
1611 795 1671 836 eam
1698 797 1753 837 non
1780 777 1881 851 scribi,

241 843 358 906 traditio
375 844 520 916 aliquando
546 845 647 918 judicio
673 843 837 902 consuetudo
864 839 975 897 firmata.
996 853 1042 911 sat,
1072 843 1182 902 Zoesius
1200 845 1242 900 ad
1255 845 1339 903 faed.
1357 848 1382 906 i.
1402 864 1422 906 t.
1438 865 1509 918 part.
1528 847 1877 909 adsumendum.
1931 887 1935 895 -

242 919 287 976 lib.
306 938 369 976 curn
386 915 417 972 dc
435 915 618 988 consuetudine
635 910 679 984 54.
690 909 729 985 ff.
749 912 775 970 b.
793 929 813 970 t.
841 913 888 970 sed
913 915 937 968 si
964 909 990 968 ld
1017 914 1042 965 i·
1071 930 1115 972 20.
1134 929 1178 972 22.
1197 913 1280 988 Quod
1297 920 1320 973 si
1338 919 1372 977 de
1389 937 1422 977 eo
1439 921 1588 992 dubitetur,
1606 923 1799 979 reputantium
1815 937 1876 978 nso-

242 1007 318 1060 psum
337 1006 392 1048 non
409 997 545 1060 appareat,
562 987 598 1044 ad
614 983 830 1057 eatrajudiciales
847 983 948 1040 recurri
966 993 1042 1070 pote-
1071 985 1147 1042 ribus
1163 987 1329 1046 cousuetudo
1347 987 1458 1050 indubia
1477 991 1576 1056 fuerit,
1593 1007 1656 1048 erun
1673 995 1702 1052 id
1719 996 1807 1061 ipsum
1823 989 1877 1050 *fa-

241 1065 288 1133 rit,
307 1063 330 1117 si
356 1060 436 1117 modo
462 1055 652 1127 probationem
678 1053 807 1128 habeant,
838 1053 926 1114 Antia.
956 1053 1041 1126 bapt.
1060 1056 1109 1116 ,ui
1126 1059 1172 1130 sit,
1190 1057 1266 1114 illam
1283 1078 1330 1128 per
1357 1079 1427 1133 eum,
1441 1066 1501 1136 qui
1529 1065 1643 1122 eandem
1668 1063 1777 1137 allegat,
1798 1063 1824 1119 e'

241 1132 286 1190 lib.
306 1147 330 1188 2.
349 1127 513 1206 obsera-51.
532 1148 607 1186 narn.
625 1128 650 1184 d.
669 1125 827 1185 Mascardus
851 1124 883 1180 dc
898 1122 1043 1196 probation.
1071 1125 1195 1200 confidit,
1205 1129 1302 1187 doceri
1321 1149 1425 1190 necesse
1441 1149 1501 1202 esta
1519 1133 1577 1189 sive
1594 1133 1669 1194 atior
1686 1139 1731 1206 sit,
1750 1135 1797 1205 qui
1815 1077 1876 1189 sqq}

241 1203 353 1260 conclus.
372 1199 432 1273 lap.
452 1200 629 1260 Christinaus
647 1199 696 1256 vol.
714 1195 741 1266 4.
760 1196 815 1254 dec.
835 1195 894 1268 187.
905 1215 987 1272 usurp.
1016 1211 1042 1268 7.
1071 1199 1176 1256 mandre
1194 1200 1357 1258 intentione
1375 1221 1453 1261 cama
1471 1208 1555 1277 ipsam
1564 1203 1672 1281 allegat,
1686 1209 1742 1262 sive
1759 1220 1818 1260 reus
1842 1216 1876 1262 ea

239 1273 265 1332 d.
285 1271 464 1338 Radelantius
482 1269 722 1339 Curia'illrrajcli.
740 1267 796 1325 der.
818 1262 858 1324 13.
877 1285 952 1325 num.
969 1261 997 1322 5.
1015 1265 1042 1336 4.
1071 1285 1146 1326 suam
1164 1272 1269 1328 nitatur
1287 1277 1471 1340 exceptionem
1489 1278 1609 1335 rmrnire:
1637 1295 1670 1334 eo
1695 1275 1766 1348 quod
1795 1271 1873 1329 allit-

241 1339 356 1404 Marius
373 1339 414 1396 ad
422 1341 472 1413 jur
492 1339 588 1399 Labe.
605 1341 778 1409 praeliminari
796 1359 839 1411 pu.
858 1349 884 1410 7.
903 1358 978 1394 nam.
1001 1351 1041 1411 19.
1071 1343 1159 1395 manti
1178 1339 1310 1398 incumbit
1336 1345 1370 1401 de
1397 1343 1454 1415 jure
1480 1346 1613 1419 probatio,
1638 1349 1725 1420 qualis
1750 1358 1800 1417 est,
1828 1345 1876 1418 qui

240 1414 352 1474 zoelus
368 1411 720 1477 rependissem.
740 1408 1041 1467 &consumamto
1071 1410 1183 1470 eandem
1200 1429 1249 1468 usu
1274 1412 1413 1472 indutlam
1438 1417 1590 1490 contendit,
1617 1419 1681 1476 dum
1695 1415 1880 1474 adversarius

242 1502 285 1544 rr.
304 1483 481 1542 Broncborst.
503 1501 525 1538 r.
544 1497 635 1538 auant.
658 1499 698 1537 ro.
718 1480 835 1538 Vinnius
851 1479 892 1535 ad
906 1477 933 1536 d.
950 1477 989 1548 ff.
1013 1493 1041 1552 9.
1070 1497 1130 1540 eam
1142 1494 1229 1555 vnegat
1247 1483 1393 1543 invaluisse
1408 1505 1466 1561 arg.
1486 1491 1503 1546 l.
1523 1486 1559 1542 ab
1575 1507 1610 1543 aa
1625 1503 1701 1558 parta
1717 1486 1743 1544 5.
1758 1485 1790 1541 da
1814 1499 1875 1554 pro-

240 1555 310 1613 Inrr.
328 1553 438 1626 dejure
456 1567 546 1610 natur.
561 1569 630 1626 genu
649 1551 682 1614 (5
700 1553 773 1610 cirili
790 1571 866 1608 num.
891 1549 918 1619 4.
947 1549 1043 1610 Paulus
1072 1553 1171 1610 aaran.
1190 1554 1208 1608 l.
1232 1570 1255 1609 r.
1275 1555 1303 1612 C.
1322 1573 1376 1627 qua
1394 1563 1429 1615 ria
1455 1560 1530 1636 longa
1552 1555 1701 1617 consuetud.
1736 1558 1754 1612 l.
1781 1574 1820 1610 an
1847 1559 1876 1611 in

239 1626 312 1684 Voet
330 1623 363 1680 da
380 1625 490 1681 statutis
508 1625 571 1682 scil.
589 1617 616 1679 3.
634 1638 691 1694 cap.
713 1641 735 1679 r.
753 1643 828 1704 rrum.
851 1615 891 1677 13.
918 1691 925 1705 ι
1071 1638 1157 1682 totum
1174 1620 1202 1680 3.
1220 1624 1248 1680 C.
1267 1622 1300 1684 dt·
1317 1625 1407 1702 aedafic.
1424 1632 1490 1698 prio.
1520 1629 1585 1685 tsi
1600 1632 1656 1701 prais
1675 1649 1748 1686 reram
1767 1623 1875 1696 dffide

274 1692 319 1752 51.
344 1691 412 1752 Non
442 1693 521 1751 aliter
550 1709 641 1752 tarmen
668 1690 775 1750 actuum
808 1688 973 1761 pmiculrum
998 1691 1042 1750 vel
1072 1694 1171 1754 custod.
1188 1691 1222 1757 ab
1237 1693 1320 1752 orbib.
1348 1720 1412 1754 reor.
1441 1699 1459 1756 l.
1486 1703 1595 1758 certium
1673 1694 1735 1754 55.
1762 1697 1801 1766 ff:
1824 1697 1875 1754 ult.

238 1761 1043 1890 ertcajudicialiumfrequentiamnsuetudinemparit,quam
1065 1761 1103 1836 ff.
1119 1763 1151 1820 dr
1168 1762 1254 1821 testib.
1272 1765 1360 1826 Andr.
1380 1765 1463 1840 Gayl.
1481 1770 1526 1826 lib.
1549 1787 1572 1826 r.
1591 1793 1605 1827 0
1622 1790 1688 1828 serv.
1719 1763 1764 1825 56.
1799 1785 1873 1824 nam.

238 1840 262 1893 si
281 1835 355 1896 adius
371 1852 464 1892 omnes
481 1838 530 1892 uni
543 1851 629 1892 orares
656 1831 774 1892 fuerint:
802 1837 825 1889 si
851 1836 925 1890 enirn
953 1836 1043 1890 varia·
1072 1837 1121 1894 ult.
1140 1834 1316 1894 Christirraeus
1333 1838 1382 1895 vol.
1400 1839 1426 1908 4.
1445 1839 1499 1896 dcc.
1519 1855 1671 1899 aratrum.
1689 1837 1734 1911 47.
1752 1837 1787 1902 cr
1804 1852 1881 1910 seqq-¹

239 1919 297 1964 tum
316 1903 397 1963 fuisse
413 1917 550 1978 appareat,
568 1909 599 1965 &2
614 1903 716 1964 aeuus
736 1903 854 1974 pluribus
863 1902 1043 1962 uniformibus
1072 1903 1228 1971 Mascardus
1245 1905 1276 1962 de
1290 1905 1361 1977 prob.
1380 1908 1406 1965 d.
1423 1911 1533 1968 conclus.
1549 1908 1611 1982 433.
1630 1931 1704 1968 num.
1721 1926 1766 1966 ao.

240 1979 416 2035 intermixtos
434 1979 613 2034 intercessisse
631 1975 704 2035 attus
716 1975 836 2033 diversos
862 1974 904 2032 vel
932 1989 1042 2033 contra·
1107 1971 1151 2032 55.
1170 1969 1277 2048 Quibus
1294 1995 1357 2034 vera
1375 1982 1461 2038 msdis
1480 2000 1525 2050 per
1543 1995 1634 2051 testes,
1653 1985 1872 2051 perinscrumcn-

240 2050 307 2120 rios,
324 2047 393 2104 sicut
413 2049 494 2105 modo
513 2045 574 2118 hoc,
592 2047 673 2103 ruodo
690 2045 955 2125 aliuduobserratum
966 2049 1043 2104 inve-
1073 2059 1112 2118 ta,
1130 2063 1175 2117 per
1193 2044 1260 2107 alios
1278 2048 1410 2120 probandi
1428 2053 1521 2110 meaios
1538 2049 1704 2110 consuetudo
1730 2053 1872 2118 doceatur,

239 2116 344 2189 matur,
362 2133 418 2174 non
440 2117 540 2186 poterit
557 2135 589 2174 er
607 2115 710 2175 aiiibus
728 2115 879 2190 hujusmodi
895 2117 1044 2188 disparibus
1073 2116 1225 2188 plenissime
1250 2118 1353 2177 excutit
1381 2118 1540 2180 Mastardus
1567 2121 1600 2178 dc
1623 2118 1724 2192 probat.
1761 2117 1875 2176 conclar-

237 2190 300 2246 elici
320 2187 441 2261 legitima
455 2187 636 2256 consuetudo,
655 2203 717 2243 cum
734 2205 783 2245 nec
800 2205 833 2244 ex
851 2188 884 2245 iis
907 2191 1043 2245 unanimis
1073 2183 1135 2256 da3.
1152 2185 1186 2250 Θ
1204 2207 1270 2260 seqq.
1289 2189 1331 2244 ad
1354 2192 1463 2247 remiba.
1492 2189 1554 2261 432.
1588 2189 1625 2249 Et
1651 2191 1772 2263 quamvis
1800 2187 1882 2244 haud

239 2249 367 2318 constare
384 2254 468 2330 possit
486 2261 568 2314 tacite
586 2259 621 2316 ad
637 2259 750 2323 eandem
767 2259 929 2318 necessarius
953 2255 1043 2327 populi
1072 2255 1253 2316 dubitandum
1270 2259 1402 2332 videatur,
1420 2265 1486 2334 quin
1505 2261 1623 2334 plurium
1640 2262 1792 2333 insignium
1815 2255 1882 2314 Do·-

238 2334 323 2388 totius
342 2345 493 2398 cousensus,
511 2346 569 2400 arg.
589 2327 607 2384 l.
626 2347 692 2384 nam
711 2326 907 2400 imputasse
919 2327 958 2401 ff.
977 2327 1003 2384 b.
1022 2344 1042 2384 t.
1073 2327 1178 2390 diorum
1195 2333 1366 2388 consentiens
1382 2333 1416 2391 de
1442 2335 1636 2390 consuetudine
1663 2336 1771 2404 vigente
1796 2329 1876 2388 te'sti·

241 2402 273 2458 in
292 2397 381 2456 verbis
397 2414 515 2470 prpetuo
542 2400 664 2455 similier
701 2396 891 2474 Mynsingerus
918 2415 985 2456 cent.
1016 2398 1043 2456 6.
1073 2399 1195 2456 monium
1212 2395 1383 2458 auctoritatis
1401 2419 1456 2458 non
1474 2402 1536 2461 vilis
1553 2406 1599 2477 sit,
1621 2421 1652 2459 ac
1680 2419 1729 2474 pro
1755 2399 1810 2456 tali¹
1833 2398 1877 2454 di-

241 2468 339 2527 obsero.
357 2465 401 2538 da.
419 2467 488 2528 Ant.
508 2465 596 2527 Faber
616 2441 674 2526 Coaf.
694 2469 738 2527 lib.
757 2467 784 2528 6.
803 2475 846 2529 tit.
874 2465 917 2526 55.
936 2466 988 2539 defi
1017 2484 1043 2526 a.
1073 2469 1219 2537 spositione
1238 2473 1360 2529 veritatis
1385 2475 1537 2541 praesumtio
1555 2477 1584 2530 in
1602 2485 1710 2531 tantum
1728 2471 1837 2541 militet,
1845 2478 1880 2525 ut

240 2537 356 2600 Mevius
374 2539 415 2594 ad
422 2540 472 2612 jur
490 2535 587 2596 Lubet.
604 2539 778 2610 praeliminari
793 2555 882 2614 quart.
900 2554 926 2612 7.
944 2559 971 2596 n.
1000 2535 1044 2596 ab.
1073 2556 1141 2598 snm
1158 2537 1254 2596 saltem
1279 2541 1412 2616 probandi
1440 2547 1608 2601 contrarium
1635 2546 1664 2601 in
1692 2543 1879 2600 adversarium

240 2610 330 2684 Niger
350 2609 374 2667 C
395 2613 480 2668 riscus
503 2627 615 2669 canuae.
641 2605 702 2669 523.
731 2633 806 2670 num.
834 2608 878 2679 42.
907 2607 1045 2682 Responsa
1073 2605 1214 2666 transferri
1232 2625 1363 2683 oporteat,
1382 2611 1520 2672 Francisc.
1539 2613 1626 2688 Niger
1654 2614 1787 2689 Cyriacus
1816 2627 1878 2667 con·

242 2681 336 2741 lutisc.
387 2679 469 2739 ollan.
485 2698 557 2754 part.
578 2698 602 2736 2.
621 2701 688 2739 conr.
716 2681 761 2740 66.
788 2681 832 2755 67.
859 2679 948 2752 Atque
977 2680 1040 2738 hinc
1074 2696 1181 2737 treveri.
1212 2691 1273 2750 209.
1301 2703 1376 2740 nam.
1403 2681 1449 2752 41.
1478 2687 1601 2758 idemque
1628 2687 1662 2744 de
1687 2684 1834 2740 assertione
1860 2694 1881 2734 a

243 2771 293 2810 ne:
310 2769 343 2810 et
361 2749 470 2812 situum
488 2749 637 2824 frequentia
656 2753 820 2812 consuetudo
845 2749 916 2823 aaut,
942 2753 1045 2826 quoties
1073 2748 1187 2823 collegio
1205 2747 1322 2820 iudicum
1339 2756 1508 2827 interposita,
1526 2759 1557 2813 in
1575 2773 1623 2812 suo
1649 2751 1710 2812 foro
1737 2753 1804 2825 quid
1826 2769 1879 2812 usar

244 2825 344 2894 privati
363 2823 479 2896 plurimi,
497 2827 544 2895 qui
561 2820 620 2893 jure
637 2827 774 2880 communi
793 2823 894 2894 scripto
910 2819 951 2894 jus
969 2837 1046 2880 suum
1075 2831 1208 2890 receptum
1226 2834 1350 2896 testatur,
1367 2824 1511 2885 dicendum
1528 2833 1575 2899 sit,
1594 2823 1720 2882 Struvius
1737 2819 1779 2878 ad
1791 2821 1878 2882 Pana.

241 2897 313 2952 tueri
331 2906 468 2969 poterant,
485 2904 581 2964 sponte
600 2891 655 2965 jure
672 2912 720 2952 suo
736 2904 891 2960 cesserunt,
911 2891 993 2950 veluti
1014 2889 1045 2948 fi·
1074 2887 1099 2946 b.
1114 2909 1135 2948 c.
1154 2912 1229 2950 num.
1248 2907 1303 2962 ar.;
1322 2908 1412 2953 tamen
1431 2909 1461 2954 ut
1488 2899 1567 2955 unius
1595 2895 1765 2970 pragmatici,
1791 2907 1879 2964 quan·

241 2967 304 3022 dem
323 2961 453 3021 habentes
470 2967 654 3024 instrumento
672 2983 729 3022 non
746 2963 902 3023 solemniter
912 2961 1045 3034 confatio,
1074 2963 1174 3021 tumvis
1201 2964 1231 3018 in
1259 2959 1316 3033 jure
1341 2968 1446 3040 eunii,
1471 2968 1505 3026 de
1531 2965 1725 3023 consuetudine
1751 2965 1883 3022 testantis

241 3032 284 3094 vel
303 3035 458 3094 adversario
475 3036 632 3106 potentiori,
659 3047 733 3107 puta,
762 3033 825 3093 fisco
861 3032 1045 3093 hereditatem
1074 3033 1218 3090 assertioni
1235 3047 1363 3110 staretur,
1381 3055 1466 3112 eoque
1490 3039 1572 3096 modo
1601 3036 1766 3094 consuetudo
1795 3031 1876 3107 plene

242 3121 382 3178 tamquam
400 3107 597 3178 patrimonium
624 3123 733 3175 vacans,
759 3125 795 3179 qu
857 3123 919 3162 vere
946 3123 1045 3163 vacans
1074 3115 1225 3162 censeremr
1244 3105 1367 3181 probata,
1384 3127 1433 3167 nec
1452 3110 1533 3180 ratio,
1560 3125 1610 3164 nec
1635 3105 1693 3176 jura
1717 3103 1879 3176 patiuntur3

244 3194 302 3234 non
320 3187 388 3246 erat,
419 3176 582 3248 vindicanti,
607 3175 742 3248 cedentes,
771 3187 845 3232 metu
872 3174 971 3248 litium,
1002 3173 1045 3234 vel
1074 3191 1134 3232 cum
1151 3174 1186 3232 de
1202 3191 1235 3232 ea
1252 3175 1388 3250 deponens
1405 3190 1523 3234 versetur
1548 3184 1619 3232 circa
1647 3176 1685 3246 id,
1712 3172 1782 3243 quoti
1812 3169 1878 3233 fabii

243 3247 394 3306 earundem
411 3249 590 3331 erecratione,
608 3247 697 3306 aliave
713 3249 747 3306 de
763 3263 845 3318 causa
855 3247 1044 3321 transigentes,
1074 3255 1125 3316 est,
1143 3247 1289 3320 inquo&
1307 3247 1524 3316 prudentissimos
1551 3232 1704 3314 plemneus
1731 3237 1806 3322 sarii,
1827 3242 1880 3300 ob-

240 3319 266 3375 si
286 3335 343 3388 non
361 3317 473 3376 ulterius
491 3319 525 3376 de
542 3335 669 3374 universa
687 3316 811 3389 populis
847 3315 1045 3393 rotatione&
1074 3327 1210 3374 servatum
1228 3314 1246 3374 l.
1265 3333 1290 3374 a.
1301 3314 1341 3388 ff.
1359 3316 1390 3372 de
1402 3317 1477 3388 juria
1495 3315 1529 3378 ds·
1543 3314 1611 3384 fall.
1631 3316 1710 3388 igpoa
1729 3331 1764 3370 ne
1778 3309 1880 3387 dream,

240 3383 317 3462 quasi
334 3393 422 3446 tacita
440 3391 539 3445 civium
557 3391 722 3445 conventione
739 3387 791 3462 (ut
819 3389 926 3461 oquitur
954 3387 973 3444 l.
1001 3386 1044 3446 35.
1076 3386 1151 3446 testis
1167 3387 1249 3442 unias
1265 3389 1464 3454 responsionem
1482 3403 1538 3442 non
1564 3400 1620 3443 esse
1647 3383 1818 3451 audiendae,
1846 3397 1877 3444 ut

238 3452 317 3530 fflb.
337 3455 384 3532 r.)
401 3462 542 3519 doceatur:
562 3476 646 3530 neque
664 3460 739 3516 enim
756 3457 843 3528 plures
861 3457 901 3516 illi
917 3455 989 3518 saite
997 3479 1046 3518 suo
1075 3457 1184 3530 plenam
1201 3453 1280 3513 fidem
1299 3455 1407 3528 faceret,
1433 3458 1539 3512 etiamsi
1568 3453 1699 3525 praeclarae
1722 3456 1801 3510 curia
1824 3453 1882 3533 fho-
1939 3477 1943 3489 ·

159 3593 162 3601 1
239 3525 347 3588 efficere
365 3543 486 3602 possunt,
504 3542 534 3587 ut
563 3531 590 3588 dr
619 3529 667 3584 alii
693 3533 749 3587 suis
776 3539 932 3588 tenerentur
953 3532 1046 3590 cedere
1076 3545 1143 3586 nore
1160 3523 1325 3598 praefulgeat,
1342 3523 1563 3598 isariq'urandi
1579 3540 1606 3597 9.
1623 3526 1661 3595 15.
1693 3541 1716 3581 r.
1734 3523 1762 3581 C.
1790 3518 1822 3579 dc
1841 3543 1882 3584 rr-

239 3597 413 3671 juribus„vel
441 3603 625 3658 instrumentis
652 3596 740 3660 sonna
765 3598 885 3672 legitima
910 3601 1046 3661 destitutis
1076 3547 1551 3668 ssibus,u1ascar<rusdisparatas.
1571 3609 1687 3653 conaus:
1700 3591 1761 3664 dall.
1781 3590 1882 3654 Parens

240 3671 370 3740 credere;
388 3671 433 3729 md
451 3672 538 3742 magis
556 3675 586 3726 in
606 3669 677 3728 bisce
694 3669 878 3744 similibusque
896 3674 1047 3732 admitten-
1076 3687 1101 3740 p.
1120 3661 1328 3738 mem.·Paultu
1357 3664 1427 3725 Voet
1453 3667 1488 3724 da
1512 3669 1622 3725 statutis
1649 3666 1712 3723 seli.
1731 3661 1757 3722 ὅ.
1775 3681 1833 3736 cap.
1856 3684 1879 3722 r.

241 3742 282 3811 da,
296 3737 367 3816 foret¹
385 3740 485 3815 regula,
504 3758 560 3798 rem
579 3743 650 3800 inter
668 3739 946 3801 aliosconsentientes
958 3741 1047 3802 ailam
1076 3757 1150 3796 nam.
1169 3752 1214 3792 ao.
1232 3751 1276 3792 ar.
1296 3733 1362 3808 Qus
1381 3739 1549 3811 usqueadeo
1567 3755 1630 3795 vera
1648 3749 1714 3808 puto
1732 3738 1762 3792 in
1780 3735 1830 3794 hac
1846 3737 1881 3796 de

241 3827 341 3871 nocere
369 3827 424 3870 nou
453 3831 528 3882 posse
550 3811 612 3869 aliis
638 3814 822 3872 contradicere
848 3831 880 3868 ac
905 3811 945 3886 jus
970 3831 1047 3872 suum
1075 3806 1270 3865 cmurretudine
1285 3805 1429 3876 probanda
1445 3813 1601 3882 quastione,
1618 3819 1659 3878 ut,
1687 3806 1752 3864 licet
1778 3806 1808 3862 in
1836 3825 1883 3864 ce-

243 3877 389 3941 defendere
408 3880 570 3956 volentibus,
588 3879 741 3942 Muscardus
758 3883 791 3938 da
813 3881 957 3954 probation.
986 3905 1046 3942 con-
1077 3883 1142 3936 teris
1159 3876 1291 3948 plerisque
1307 3878 1547 3950 disceptationibus
1564 3877 1691 3936 civilibus
1708 3877 1788 3933 tanim
1806 3879 1882 3936 testis

241 3952 307 4008 clus.
327 3949 388 4023 429.
407 3973 481 4009 nura.
502 3956 569 4024 pli
611 3951 731 4012 .Lamb.
750 3952 835 4012 Goris
852 3952 1045 4013 adverteras.
1075 3949 1216 4019 depositis,
1234 3946 1297 4004 ali'u
1313 3947 1476 4019 quibusdam
1493 3945 1607 4008 suffulta
1623 3947 1805 4018 adminiculis,
1819 3964 1882 4024 sup-

208 4077 218 4094 ,
243 4017 271 4078 5.
291 4037 349 4091 cap.
372 4037 413 4079 η.
431 4042 534 4082 numer.
561 3967 610 4083 46.
638 4027 667 4084 t'rr
697 4021 768 4082 mod.
795 4023 910 4082 Marius
935 4023 978 4080 ad
994 4023 1047 4096 jur
1076 4017 1143 4087 pleri
1160 4018 1284 4088 deinceps
1300 4019 1385 4088 possit
1405 4017 1576 4088 ltrelurassdo
1592 4017 1755 4090 Sssililei0sl0
1773 4035 1819 4090 Per
1837 4031 1882 4084 lu·

242 4090 392 4150 Lubecame
403 4096 542 4164 praemis.
561 4095 587 4153 d.
606 4117 648 4170 qu.
669 4112 695 4169 7.
713 4117 788 4155 narn.
811 4093 851 4154 16.
874 4109 914 4167 ¹7·
1084 4089 1171 4146 dicem
1199 4086 1344 4148 deferendo
1350 4108 1362 4155 ;
1388 4092 1415 4172 id
1433 4106 1522 4152 tamen
1551 4091 1598 4147 bic
1614 4087 1811 4149 adnrittendum
1826 4103 1883 4145 non

279 4160 323 4220 52.
349 4164 477 4223 Ceterum
505 4168 713 4226 consuetudines
742 4167 801 4224 alia
832 4162 947 4224 notoriae
970 4175 1047 4235 stant,
1076 4161 1121 4214 sit.
1139 4157 1210 4218 Cum
1227 4159 1301 4216 enim
1319 4157 1370 4217 tali
1389 4159 1560 4236 iureiurando
1578 4159 1655 4222 attor
1675 4161 1713 4234 id,
1729 4159 1801 4232 quod
1828 4158 1883 4213 ml·

244 4233 306 4292 alia
325 4234 402 4308 tales,
420 4249 450 4294 ut
469 4255 527 4294 non
546 4240 586 4295 ita
603 4238 634 4293 in
652 4232 775 4294 confesso
791 4238 838 4309 sit,
864 4253 909 4292 eas
927 4251 975 4292 ussa
999 4251 1047 4304 po·
1078 4247 1128 4286 trus
1146 4227 1224 4311 plene
1241 4227 1385 4300 perfeceram
1400 4246 1450 4306 est,
1468 4233 1640 4294 conscientia
1668 4236 1780 4304 propria
1806 4229 1885 4290 testi-

242 4301 299 4376 puli
319 4303 438 4374 firmatas
455 4325 518 4367 esse.
538 4305 673 4366 Notorias
776 4309 887 4376 attinet,
904 4302 1047 4376 probatio-
1080 4299 1175 4356 monio
1192 4316 1265 4355 crrca
1282 4304 1429 4378 proprium,
1448 4322 1507 4360 non
1524 4301 1644 4361 alienum
1661 4300 1776 4378 ,sedium
1803 4315 1883 4357 occu·

242 4393 279 4432 ne
297 4393 352 4432 non
371 4375 506 4454 indigent,
529 4381 575 4438 sed
601 4396 646 4436 eas
670 4395 686 4433 a
729 4379 818 4433 instar
846 4373 909 4430 'ris
935 4373 1048 4432 alterius
1076 4380 1141 4442 pato
1157 4365 1320 4454 conbntsctr
1347 4372 1393 4429 hic
1420 4393 1485 4433 vero
1513 4392 1570 4430 non
1596 4375 1631 4431 de
1657 4372 1774 4441 rorantis
1800 4365 1883 4455 sudio,

243 4444 369 4516 cujumun
390 4467 421 4507 ue
437 4451 541 4522 scripti,
558 4463 638 4524 atque
657 4447 702 4504 ita
713 4447 793 4516 certi,
816 4393 928 4518 alligari
946 4445 976 4500 in
1005 4441 1046 4514 ju·
1076 4432 1122 4500 ced
1139 4457 1175 4510 po
1211 4437 1236 4524 ΙιΙ
1250 4447 1334 4500 totius
1359 4461 1493 4502 consensu
1517 4445 1612 4516 tacito,
1639 4461 1672 4502 ac
1700 4439 1717 4498 f
1791 4440 1884 4500 ntrbus

239 4515 316 4575 dicio
332 4537 354 4575 st
410 4523 481 4579 erit:
499 4537 562 4580 cum
578 4523 652 4578 enirn
668 4518 776 4573 notoria
794 4513 901 4584 probari
920 4529 1047 4586 saperva-
1076 4526 1167 4569 nona
1196 4527 1259 4584 oras,
1290 4515 1373 4587 reive,
1399 4517 1445 4575 sed
1473 4513 1590 4573 aliorum
1613 4512 1718 4574 actibus
1762 4511 1886 4570 ubitatie

241 4603 322 4644 maun
338 4591 516 4663 existimetur,
535 4607 590 4646 non
607 4601 648 4648 est
664 4605 712 4644 cur
729 4603 786 4645 non
813 4585 848 4644 ad
874 4587 1048 4644 comersii-
1075 4583 1113 4638 sit
1123 4601 1132 4651 3
1144 4583 1178 4642 ’dr
1195 4586 1385 4654 praempposita
1402 4584 1510 4647 abbam
1528 4584 1680 4662 frequentia
1696 4585 1883 4644 adcomuenr-

244 4673 309 4715 nem
328 4655 479 4736 iamvulgo
498 4674 595 4718 notam
612 4660 640 4718 id
666 4675 769 4730 qaoque
798 4655 970 4729 producatur,
988 4673 1047 4730 arg.
1076 4652 1171 4712 dinen
1188 4657 1349 4728 amna
1364 4673 1421 4715 nor
1439 4660 1524 4730 possit
1540 4675 1596 4715 non
1614 4676 1672 4716 esse
1690 4651 1812 4729 putribus
1830 4672 1884 4711 no-

246 4726 284 4798 15.
304 4727 838 4804 sinescstprop..1nst.dajunrarua
891 4741 931 4784 m.
957 4725 991 4791 (a
1008 4731 1048 4786 cl-
1077 4735 1145 4796 nrm,
1161 4723 1233 4800 quod
1250 4727 1444 4804 conmetudine
1460 4728 1606 4787 obtentum
1621 4739 1671 4801 est,
1688 4737 1800 4798 apparet
1829 4727 1884 4784 uisi

244 4797 297 4862 cil.
313 4801 360 4880 leg.
379 4803 433 4862 ima
451 4820 553 4882 magua
570 4795 664 4875 56ff.
680 4797 710 4860 h
723 4813 749 4862 t.
764 4796 844 4864 aad.
887 4795 943 4869 ayl.
960 4795 1006 4859 lii.
1019 4815 1046 4862 a.
1077 4791 1168 4872 fallor,
1185 4793 1232 4852 lac
1247 4799 1421 4870 Jurmprtandi
1444 4799 1603 4884 srppletorii
1627 4803 1770 4859 natatem
1785 4769 1884 4858 defice
