3994 5350
689 243 726 314 ln
744 247 856 333 quibus
874 239 994 322 Cauris
1012 250 1135 336 Pignus
1153 253 1203 316 vel
1220 247 1279 322 iit.
1687 241 1774 324 233⁴
1825 279 1827 293 ·

157 339 261 423 ellepis
275 339 410 420 'personali
426 360 444 400 a
461 334 519 416 iege
536 335 621 414 dato,
646 353 727 416 atque
743 345 812 404 adeo
839 345 890 402 hoc
909 347 958 414 ipsi
991 351 1038 404 citi
1057 343 1130 417 lure,
1142 339 1253 403 fuissent
1273 341 1389 426 muniti,
1401 331 1478 414 Non,
1497 333 1617 416 inquam,
1637 339 1692 404 hec
1709 360 1810 403 utum·

155 432 223 476 tunc
239 433 306 475 esset
324 415 429 474 inutile.
447 413 553 484 Quarto
569 413 684 482 denique
694 413 871 486 hucconf;rt,
889 416 960 485 quod
990 437 1040 488 que
1058 417 1175 485 speciem
1193 433 1224 470 ac
1242 413 1361 472 colorem
1379 419 1430 470 msi
1450 429 1511 472 netu
1539 411 1690 488 habentia,
1714 433 1810 474 revera
1838 435 1840 440 ’
1918 477 1919 482 1

156 494 243 558 prims
262 483 341 556 huju
359 485 437 544 taciti
454 485 574 558 pignoris
592 484 698 554 pupillis
724 485 782 542 dati
800 488 904 544 mentio
920 500 959 543 est
989 489 1112 547 obstant.
1134 484 1275 556 Perperam
1292 485 1367 542 enim
1384 485 1418 540 de
1439 485 1552 542 nitionis
1578 490 1656 542 istius
1674 489 1807 546 rationem

153 563 186 616 in
204 558 409 619 Constitutione
426 555 609 614 Constantini
627 558 655 610 in
667 557 693 610 ·l.
710 573 753 625 pra
770 553 851 638 ‘ffitt'v
869 574 913 614 ao.
933 558 960 614 C.
990 577 1025 618 ex
1044 553 1136 615 alfius
1155 555 1263 626 pupillis
1281 555 1299 612 h
1320 551 1431 622 potheca
1449 557 1534 628 tasi·
1552 557 1626 628 peti,
1652 567 1807 614 monstratu

157 625 190 686 de
206 623 584 698 administramus,siveille
603 627 704 693 primus
722 624 773 682 hoc
791 629 961 695 Jusinduxe·
991 629 1063 688 haud
1081 625 1192 694 difficile
1210 639 1258 684 est.
1307 626 1553 694 ornaturique
1571 639 1645 684 tutor
1664 627 1733 686 tedii
1752 626 1808 683 alia

156 702 204 768 rit,
221 705 278 756 sive
294 697 362 756 illud
379 695 414 754 ab
431 697 567 753 anteriore
584 695 678 768 aliquo
694 695 858 764 imperatore
874 689 962 766 (cuim
992 719 1047 758 non
1064 689 1218 772 conduc‘at,
1235 699 1392 777 consisteret
1411 697 1440 753 in
1458 693 1516 766 jure
1534 699 1628 754 tacita
1648 645 1807 768 hypotheca
1877 713 1880 720 ·

156 770 318 826 constitutio
344 769 379 827 ad
396 785 447 822 nos
465 783 519 824 non
548 762 692 838 pertenit)
718 771 852 842 sancitum
880 765 961 825 fuerit
990 768 1098 839 punillis
1114 771 1239 840 quesita,
1254 781 1328 838 quast
1343 767 1453 837 turmis,
1470 779 1537 842 ante
1554 767 1672 826 redditas
1689 773 1808 826 rationes

204 850 216 894 t
233 852 356 909 tempora
372 834 633 908 iurisconsultorum,
651 856 684 894 es
701 853 816 908 quorum
833 841 962 910 responsis
993 837 1132 912 vestigent
1150 837 1336 908 conducentis,
1355 835 1429 893 bona
1445 837 1518 905 prius
1535 853 1568 894 et
1586 836 1643 910 lege
1661 837 1809 908 pupillisu-

185 907 238 966 aad
319 899 479 977 constan&
498 907 597 984 deinde
615 925 629 962 a
648 906 833 966 sonatantinu
850 915 879 967 in
898 909 926 964 d.
944 909 965 964 l..
993 910 1095 982 bligata
1111 918 1209 978 essent,
1225 911 1253 966 dr
1271 925 1304 963 eo
1320 905 1488 964 dissimulato
1504 907 1628 977 deinceps
1638 906 1701 965 lisso
1714 913 1809 976 copis·

157 994 203 1036 sto.
222 996 270 1047 pro
319 979 466 1048 adamanta
491 995 522 1032 ac
542 992 597 1042 ture
614 990 689 1034 terto
705 993 856 1037 assumtum
873 985 902 1038 ln
920 997 962 1037 re·
991 994 1050 1046 sent
1063 979 1194 1062 obligari,
1211 991 1276 1034 tunc
1296 995 1354 1042 non
1370 977 1508 1046 publicum
1523 974 1587 1034 ·falsi
1596 980 1698 1036 crimen
1715 977 1809 1050 (otest

111 1068 115 1078 ·
158 1048 260 1125 scripto
277 1039 317 1106 aci
330 1046 547 1114 liapheuaiansm
564 1047 685 1122 disseio,
702 1050 774 1118 quod
792 1054 819 1109 dr
838 1049 962 1118 probabi·
994 1055 1021 1108 in
1040 1051 1068 1107 ll.
1085 1043 1207 1120 obteiiis)
1225 1049 1271 1106 sed
1287 1048 1533 1106 extraordinarium
1542 1047 1714 1106 stellionatus
1723 1049 1810 1108 tutori

157 1117 226 1179 litu:
245 1135 306 1178 cunr
324 1119 416 1186 misus
431 1117 580 1176 verosimile
594 1126 639 1191 sit,
661 1117 848 1186 imperatorem
867 1121 963 1177 rescri-
995 1119 1065 1180 reeli
1083 1121 1137 1178 alia
1155 1118 1319 1179 condacensi
1334 1116 1469 1176 debuisset
1487 1122 1600 1191 impingi
1619 1116 1693 1187 jutta
1711 1121 1729 1174 l.
1740 1118 1809 1182 a&
1831 1129 1834 1136 ·

161 1200 212 1258 pto
236 1191 272 1248 acl
291 1185 429 1246 suminam
447 1189 580 1256 privatam
605 1189 672 1256 dato
689 1190 804 1248 voluisse
829 1188 869 1260 jus
886 1190 966 1260 plane
995 1195 1042 1250 alt.
1062 1141 1088 1249 ἒ.
1107 1190 1140 1247 de
1157 1190 1267 1246 erimine
1283 1189 1466 1260 stellionatus,
1483 1207 1544 1247 cum
1560 1204 1665 1248 certum
1680 1194 1732 1256 sit,
1751 1185 1811 1258 jure

158 1275 268 1320 novum
279 1261 430 1330 natumque
448 1257 680 1330 privilegiumroti
698 1259 856 1328 pupillorum
872 1263 966 1321 ordini
996 1261 1123 1322 linusano
1138 1257 1317 1330 compublica
1335 1254 1397 1316 salsi
1405 1262 1745 1318 accusationeconcurrere
1753 1277 1812 1319 non

158 1327 306 1403 indulgere.
325 1327 596 1397 Nequecontrariurn
613 1332 749 1387 evincitur
758 1349 790 1388 ex
800 1330 900 1404 legibus
918 1349 965 1402 per
996 1331 1112 1405 putuisse
1135 1330 1382 1390 extraordinariam
1407 1329 1578 1388 stellionatus
1603 1333 1812 1401 executionem,
1914 1341 1920 1350 ·

158 1399 348 1462 dissentientes
366 1399 462 1459 adduci
479 1397 576 1456 solitis.
595 1397 662 1458 Non
680 1408 751 1456 enim
770 1405 857 1471 primo
875 1403 903 1460 id
921 1419 966 1458 er·
996 1405 1042 1462 sed
1058 1405 1128 1461 hanc
1142 1405 1182 1458 ita
1199 1401 1227 1456 in
1237 1397 1431 1469 criminalibus,
1441 1401 1663 1470 quemadmodum
1673 1401 1728 1460 doli
1738 1399 1811 1459 abiis

154 1483 246 1540 'gaunt
264 1468 334 1540 ille,
351 1487 407 1539 qua
426 1468 593 1540 privilegium
611 1474 639 1530 dr
658 1471 839 1540 prelationem
856 1471 967 1542 pupillis
998 1479 1026 1530 in
1040 1473 1176 1544 civilibus,
1191 1470 1381 1544 subsidiariam
1398 1489 1463 1542 esse,
1480 1472 1498 1526 l.
1518 1471 1683 1528 stellionatus
1701 1469 1726 1528 3.
1738 1465 1765 1543 ᾗ.
1786 1491 1811 1532 ι.

161 1539 241 1607 dant,
258 1538 341 1595 vestiti
357 1541 383 1610 Ᾰε
394 1539 412 1594 l·
422 1539 465 1596 52·
476 1532 502 1613 §-
524 1556 546 1592 ¹·
556 1537 596 1608 ff
605 1541 639 1596 dt
654 1543 763 1612 lxviio,
780 1544 799 1598 l·
811 1557 852 1614 19-
863 1537 888 1618 β
902 1562 924 1600 i·
935 1540 968 1603 Θ
992 1543 1026 1616 ff.
1043 1545 1215 1602 stellionatus.
1234 1537 1288 1598 Sed
1305 1545 1332 1599 br
1350 1543 1477 1610 metando,
1492 1539 1723 1609 si'prohilsitionis
1739 1546 1818 1600 ratio.

158 1605 190 1664 ll.
210 1628 274 1681 seqq.
285 1605 359 1677 Μ
377 1606 712 1681 „laeuonjuiousia
723 1611 831 1683 alisque
848 1612 969 1678 similest
998 1627 1065 1674 esset
1083 1615 1168 1686 posita
1186 1613 1215 1668 in
1226 1609 1307 1682 legali
1325 1609 1484 1680 pupillorum
1496 1611 1656 1683 hypotheca,
1674 1608 1812 1671 tunc-falsi
1846 1653 1850 1660 .

164 1695 227 1738 cum
245 1679 297 1749 iam
324 1691 389 1736 ante
403 1680 619 1742 demonstratum
636 1687 688 1752 sit,
706 1683 877 1757 privilegium
902 1683 969 1738 illud
999 1684 1042 1742 vel
1059 1689 1146 1756 potius
1163 1681 1332 1740 stellionatus
1348 1683 1453 1742 crimea
1469 1685 1642 1758 neptunium
1658 1689 1813 1752 committer

161 1767 219 1815 uon
248 1747 435 1822 hypothecam„
446 1751 587 1816 continere
631 1753 677 1810 sed
694 1765 802 1810 tantum
819 1759 891 1812 inter
908 1751 969 1810 chi·
999 1769 1082 1827 retur,
1097 1755 1206 1824 quando
1223 1764 1297 1808 tutor
1315 1749 1602 1822 veuigaltaconnucu,
1620 1753 1666 1811 sed
1684 1756 1813 1812 etiamst

161 1817 348 1894 togrspharios
365 1818 563 1902 prelationem.
582 1792 648 1883 lion
666 1823 750 1894 etiam
762 1843 805 1900 eu,
819 1839 852 1882 eo
869 1822 964 1894 proba·
999 1827 1122 1896 opposito
1138 1823 1246 1896 quando
1272 1817 1440 1894 veiiigalium
1467 1819 1616 1880 condutior
1641 1842 1670 1879 se
1696 1834 1814 1882 tutorem

161 1901 217 1964 tur,
235 1891 306 1960 quod
323 1889 430 1961 pupillis
439 1891 589 1963 denegetm
595 1896 760 1974 priuilegium
779 1898 807 1951 in
824 1893 896 1950 bonis
914 1910 969 1948 ma·
999 1901 1085 1966 creari
1102 1902 1223 1966 patirur,
1239 1907 1300 1950 cum
1318 1905 1431 1961 utroque
1449 1893 1479 1947 in
1496 1909 1558 1952 casu
1571 1900 1705 1960 eveniret,
1723 1904 1755 1950 ut
1773 1911 1815 1950 ras
1892 1947 1897 1950 .

163 1961 340 2090 qisttatuum,
356 1977 390 2018 ex
408 1961 521 2020 adverso
538 1961 675 2022 tribuatur
693 1969 726 2022 iti
740 1963 813 2023 bonis
831 1979 970 2035 tutorum,
1001 1968 1144 2034 posteriori
1159 1961 1342 2039 obligaretur,
1359 1979 1415 2032 que
1432 1959 1487 2034 jan
1503 1975 1567 2020 ante
1585 1966 1677 2033 priori.
1693 1961 1817 2035 obligata

170 2071 184 2107 Ἰ.
199 2049 223 2088 ι.
241 2025 267 2104 §.
293 2031 440 2105 riuilegt'uen
461 2028 502 2100 14.
515 2029 593 2099 ffide
610 2055 656 2090 ma
674 2038 761 2094 iurat.
779 2035 971 2104 conveniendis,
1000 2047 1054 2096 ests
1072 2036 1142 2107 quod
1159 2047 1249 2093 tamen
1267 2031 1331 2087 ind.
1351 2033 1369 2087 l.
1380 2053 1422 2088 un.
1443 2033 1814 2092 corsendoncani.

163 2101 242 2161 l.islt.
276 2102 325 2158 :de
342 2101 480 2164 tutele&
498 2055 675 2163 ratdistrah
686 2104 754 2166 Non
773 2109 849 2164 enim
864 2107 971 2177 priuile-
1001 2105 1202 2177 conducendi.
1215 2097 1274 2175 ni.
1287 2099 1577 2176 to.ffiadleg.cornel.
1586 2101 1720 2230 fflm’
1737 2121 1814 2184 aper·

159 2174 235 2300 {ium
252 2175 283 2228 in
300 2171 373 2228 bonis
391 2169 569 2245 hypothecam
579 2175 701 2250 denotat,
719 2178 765 2236 sed
781 2189 890 2236 tantum
907 2195 971 2246 pre·
1001 2191 1028 2235 te
1039 2192 1178 2252 negatum
1195 2175 1262 2232 adeo
1270 2185 1301 2228 ut
1319 2191 1353 2229 ne
1363 2191 1490 2230 excusare
1505 2174 1584 2242 quide
1629 2192 1710 2232 sesea
1727 2172 1815 2232 tutela

177 2245 296 2304 ationem
314 2248 343 2298 in
360 2245 448 2311 pretio
473 2259 506 2300 etr
518 2245 643 2303 'venditis
660 2262 779 2304 tutorum
797 2247 876 2305 bonis
893 2247 971 2306 reda·
1002 2247 1159 2314 publicanus
1176 2245 1269 2314 possit,
1287 2247 1336 2298 nisi
1346 2261 1392 2312 per
1409 2261 1437 2299 se
1455 2239 1594 2316 vestigatis
1612 2247 1713 2319 exigat,
1724 2244 1749 2299 at
1760 2244 1780 2301 l.
1793 2261 1816 2300 t..

163 2307 217 2382 bio,
234 2309 309 2381 juxta
326 2312 398 2384 loru
415 2311 562 2370 noeniaibus
579 2314 625 2384 uri.
644 2311 669 2390 β.
686 2337 707 2375 r.
721 2317 752 2374 dr
770 2317 913 2380 alarin&
929 2317 972 2386 'pe-
1002 2312 1086 2394 §.·10.
1105 2313 1187 2388 jun&
1201 2315 1223 2370 ·l.
1242 2315 1271 2368 e'n
1289 2309 1424 2370 bonoribus
1441 2309 1466 2368 8.
1484 2306 1511 2385 ᾗ.
1536 2333 1557 2370 r.
1570 2311 1606 2384 ff
1625 2314 1658 2370 de
1675 2331 1765 2372 vacet.
1783 2312 1819 2376 U

165 2387 211 2440 rit.
225 2382 355 2454 mequod
372 2385 401 2442 iit
419 2397 530 2453 apparet
546 2393 612 2443 satis
622 2407 654 2446 ex
666 2406 709 2461 en,
726 2389 796 2460 quosl
807 2385 889 2444 'uxori
908 2405 973 2456 quo·
1003 2409 1089 2446 estus.
1109 2407 1210 2446 muner.
1229 2380 1355 2462 Denique
1372 2387 1454 2440 tertio
1472 2383 1547 2440 nulla
1566 2385 1636 2441 ratio
1655 2383 1732 2457 foret,
1751 2403 1818 2456 cur,

166 2473 220 2524 qtae
237 2471 285 2522 pro
302 2453 368 2510 dote
383 2454 552 2528 priuilegium
570 2458 598 2512 r'n
615 2457 687 2516 bonis
705 2461 759 2516 oiri
778 2455 910 2526 Ulpianus
928 2456 973 2513 acl·
1004 2464 1026 2516 si
1044 2456 1157 2530 pupillus
1168 2473 1246 2528 ,eque
1255 2451 1367 2526 legalem
1385 2452 1519 2518 habuisset
1531 2453 1719 2529 hypothecam,
1740 2475 1771 2512 ac
1784 2453 1816 2513 ir·-

163 2521 269 2594 scribit,
287 2523 305 2578 l.
318 2526 341 2578 si
357 2541 419 2582 cum
428 2521 515 2580 doterer
533 2543 576 2581 22.
589 2522 615 2598 §.
627 2525 803 2598 ulaffisoluto
820 2530 974 2584 enutritura.
1005 2537 1072 2600 sous,
1090 2547 1147 2598 cur,
1165 2529 1287 2598 inquam,
1305 2523 1374 2596 leget
1392 2525 1488 2588 minut·
1501 2526 1694 2593 prospexissent
1714 2525 1819 2596 pupillo

165 2609 248 2670 qtsam
265 2602 356 2656 tamen
368 2589 478 2664 Ulpiani
496 2599 766 2664 temporemloinrer
785 2595 975 2668 chirographa
1022 2615 1084 2657 uam
1102 2597 1184 2664 limo,
1201 2597 1405 2666 permittentes,
1424 2607 1455 2650 ut
1473 2592 1644 2667 reeiigalium
1669 2593 1818 2655 conruunt

162 2669 225 2795 aios
238 2661 382 2734 privilegio
397 2665 531 2734 personali
539 2667 668 2724 donatam
684 2668 774 2736 fuisse,
790 2665 979 2736 noeoeane·
1005 2621 1102 2729 §sindo
1118 2681 1192 2727 tutor
1208 2676 1321 2735 creetur,
1338 2661 1488 2734 quia'fiscus
1504 2677 1686 2725 tuncsecurus
1703 2680 1744 2726 est
1755 2667 1817 2738 red-
1857 2719 1862 2729 ,

141 2775 144 2785 .
198 2739 375 2792 monstratum
384 2731 756 2808 eseuongensnusnosutm
764 2744 976 2807 premisseriten·
1006 2744 1078 2801 ditus
1094 2757 1140 2806 pet
1157 2737 1322 2794 anteriorem
1339 2731 1522 2806 hypothecam
1540 2734 1663 2809 legalem,
1681 2753 1737 2794 non
1755 2757 1821 2807 per·

166 2810 244 2874 tum,
260 2817 307 2861 aut
318 2803 342 2864 le
360 2803 430 2862 alent
438 2801 618 2878 hypothecam
627 2808 732 2879 probat,
749 2810 766 2865 l.
778 2809 826 2866 ult.
831 2805 867 2878 ff.
877 2810 921 2876 qui
926 2823 976 2876 pot.
1007 2812 1146 2867 mittentes
1160 2811 1196 2865 et
1212 2807 1343 2875 aduerso,
1362 2817 1395 2861 ut
1410 2817 1485 2862 tutor
1503 2801 1644 2878 veuiguu
1669 2807 1802 2874 conducat

164 2877 195 2934 ¹⁸⁶
210 2876 277 2999 guin·
288 2877 316 2934 ἃ
335 2822 358 2930 ἓ
365 2871 487 2945 ultfflb.
499 2891 709 2951 ncumutraque
719 2877 822 2937 nullam
832 2877 980 2950 tacite-by·¹
1008 2882 1054 2938 ubi
1071 2877 1186 2948 pupillus
1200 2893 1245 2946 per
1263 2870 1443 2954 hypothecam
1453 2871 1579 2948 legalem,
1592 2873 1635 2947 (ut
1652 2847 1824 2948 supposituri

163 2958 211 3014 pot
232 2950 466 3002 ecamentionem
476 2943 681 3015 habeam-seder
688 2951 800 3008 adverso
809 2950 844 3006 de
859 2963 979 3019 expressa
1008 2951 1169 3008 anteuorem
1186 2948 1216 3002 in
1234 2957 1294 3001 tuto
1312 2957 1368 3011 jam
1385 2943 1534 3002 collocatus
1551 2957 1601 3003 est.
1619 2945 1690 3005 Cum
1707 2965 1823 3020 ergoet

164 3013 352 3084 post-linitam
368 3015 478 3072 demum
496 3015 608 3073 tutelam
631 3025 780 3076 constituta
807 3015 925 3084 tramete
951 3020 978 3078 ἂ
1009 3019 1083 3078 hisce
1098 3028 1233 3090 appareat,
1250 3017 1384 3092 rationem
1402 3013 1611 3094 prohibitionis,
1630 3036 1664 3074 ne
1681 3030 1755 3074 tutor
1774 3035 1823 3075 ve-
1886 3017 1891 3027 “

164 3085 196 3142 in
214 3090 370 3153 questione,
387 3101 422 3138 an
442 3085 472 3138 in
490 3089 603 3144 veteteri
620 3089 786 3149 contrabium
799 3109 840 3148 res
859 3085 980 3162 obligata¹
1008 3088 1116 3164 uigilia
1132 3088 1265 3146 conducat
1293 3085 1349 3155 peti
1366 3103 1421 3141 non
1440 3103 1540 3153 possea
1560 3089 1717 3152 turetacite
1736 3085 1824 3160 hypo-

164 3166 245 3224 eust,
262 3171 306 3221 per
324 3153 490 3210 contraditam
508 3174 621 3230 ueterem
640 3157 791 3216 indlitlt
810 3155 875 3230 fflh.
888 3176 906 3217 t.
923 3176 980 3214 uon
1010 3159 1102 3232 thece,
1117 3177 1175 3228 qua
1230 3126 1301 3226 pillis
1317 3154 1383 3212 olim
1402 3151 1494 3214 fuisset
1511 3155 1556 3212 al
1588 3175 1762 3218 esoncessa:
1781 3177 1823 3216 se·

166 3225 330 3296 designetur·
340 3223 490 3292 precedens
508 3224 759 3300 hypothecatacira,
777 3249 832 3298 quse
841 3243 979 3299 perperam
1009 3232 1109 3304 quitur,
1127 3245 1161 3286 ex
1198 3223 1317 3299 .legibas
1335 3224 1637 3294 prohibitionemilam
1654 3232 1824 3287 continenti-

165 3295 317 3354 aontrulius
335 3293 488 3365 diceretur,
505 3299 549 3353 sed
568 3301 658 3366 potius
683 3299 816 3374 obligatio
841 3305 876 3367 eu·
891 3297 980 3356 tutele
1011 3304 1059 3359 bus
1076 3297 1182 3367 probari
1200 3303 1282 3354 etiam
1301 3292 1373 3353 haud
1426 3314 1485 3366 sse,
1504 3299 1575 3364 quod
1589 3297 1688 3366 pupilli
1706 3312 1827 3370 tempore

166 3369 292 3448 gestione
308 3376 386 3435 nata,
400 3365 461 3436 ipso
479 3364 617 3424 bachario
634 3371 668 3428 ad
686 3368 932 3427 Tseutlerumr'nd.
943 3368 980 3424 la·
1011 3369 1206 3440 Pandetiarum
1218 3371 1333 3425 tacitam
1351 3365 1386 3422 ha
1406 3371 1507 3422 uissent
1530 3366 1622 3438 alege
1696 3367 1822 3426 othecam

167 3455 198 3494 aa
218 3433 247 3491 id
263 3447 434 3508 agnoscente.
452 3431 547 3496 Simile
564 3441 599 3497 ad
617 3438 635 3494 l.
653 3442 722 3496 anis.
743 3440 770 3494 C.
788 3461 845 3500 rem
862 3441 982 3496 alienans
1011 3443 1039 3498 in
1057 3441 1136 3500 bonis
1151 3452 1280 3508 tutorum.
1300 3431 1384 3562 guod
1400 3437 1424 3492 si
1435 3453 1525 3494 veram
1542 3437 1620 3496 istius
1635 3455 1683 3506 pro
1704 3438 1827 3498 ibitionis

164 3503 313 3582 gerentibus
329 3508 562 3576 responsumdari
579 3521 676 3578 potest,
693 3527 753 3568 eam
763 3529 859 3580 nempe
876 3508 981 3580 pupillis
1010 3513 1144 3569 rationem
1162 3509 1253 3581 inquis
1306 3533 1309 3540 ¹
1330 3523 1380 3562 ane
1398 3507 1483 3584 magis
1498 3507 1597 3566 adduci
1617 3525 1692 3576 posse
1708 3513 1825 3582 opinor,

167 3574 275 3646 nullam
293 3573 411 3636 tribuere
429 3574 609 3649 hypothecam
617 3580 740 3653 tacitam,
758 3581 874 3651 adeoque
892 3579 926 3636 de
934 3597 981 3638 ex·
1011 3603 1054 3651 ne,
1071 3585 1095 3639 si
1111 3581 1268 3638 duranteve
1298 3575 1826 3648 igaliutnconduiiionerationestuteles

166 3663 258 3718 pressa
274 3663 320 3713 per
337 3649 550 3706 conventionem
568 3651 602 3704 iis
619 3653 731 3722 quesita
748 3650 931 3718 accipiendam
942 3668 981 3706 es·
1011 3665 1074 3710 ante
1090 3664 1169 3724 geste
1186 3649 1329 3720 exigantur
1345 3650 1375 3707 δι
1392 3645 1440 3704 reli
1460 3650 1564 3704 ustioni
1572 3646 1697 3722 satisfiat,
1715 3651 1754 3708 ita
1772 3648 1828 3713 dire

166 3735 208 3785 se,
224 3716 418 3772 convenienter
435 3714 511 3776 ditis
521 3719 570 3792 legi
579 3720 626 3776 ult.
642 3715 675 3786 ffl
683 3722 862 3792 quipotr‘om'n
872 3723 982 3791 pignore,
1012 3726 1159 3792 siparsntur
1176 3717 1210 3781 (τ
1227 3733 1430 3774 existumentur
1441 3665 1514 3772 bono
1530 3737 1631 3792 eorum,
1664 3725 1693 3776 ai
1710 3723 1827 3794 vellige-

164 3785 300 3854 maxime,
317 3797 379 3840 cum
397 3786 539 3856 utrobique
556 3790 590 3847 de
601 3802 689 3846 tutore
708 3811 741 3850 ex
752 3787 836 3848 tutela
856 3789 983 3858 jamcon·
1012 3793 1050 3848 da
1061 3787 1215 3856 .cenduxeru
1235 3805 1267 3854 ts
1284 3787 1357 3856 quod
1376 3788 1461 3857 ipsum
1479 3785 1553 3859 lisso,
1571 3786 1633 3844 licet
1644 3739 1682 3861 hy
1700 3788 1828 3847 othccam

172 3853 313 3926 demnato,
330 3856 358 3914 &
376 3871 436 3925 post
445 3858 700 3917 condemnationem
717 3879 828 3918 ressuas
839 3858 903 3917 heco
911 3859 982 3915 obli·
1011 3860 1146 3932 habenti,
1164 3859 1226 3918 dam
1247 3871 1418 3925 osumessct,
1434 3861 1499 3918 dum
1518 3858 1590 3915 bona
1608 3811 1699 3918 sentes
1708 3861 1743 3918 ad
1760 3860 1828 3918 alius

208 3936 265 3998 nte,
283 3942 372 3982 sermo
389 3927 433 3983 sit.
451 3924 518 3987 Non
528 3926 619 3985 obstat
637 3928 761 3999 denique,
779 3932 848 4000 quod
861 3943 982 3999 tempore
1013 3931 1164 4000 translata,
1182 3933 1326 3999 presertim
1345 3928 1373 3984 in
1402 3933 1519 3984 nummis
1542 3926 1654 3998 aliisque
1680 3927 1829 3988 mobilibus

140 4003 142 4007 ’
195 3994 370 4054 andeuarum
389 4009 461 4055 tutor
472 4015 527 4054 non
538 3999 653 4066 potuerit
664 4016 725 4054 cum
739 3999 803 4057 fisco
812 3999 983 4071 contrahere,
1012 4000 1197 4062 consistmtia.
1215 3995 1337 4056 difficilis
1345 4017 1411 4064 sepe
1428 4000 1618 4068 persecutionis
1627 4013 1700 4072 sunt,
1720 4006 1829 4060 tametsi

73 4107 78 4115 -
172 4065 216 4130 vel
237 4063 546 4138 vebiigaliaconduoere,
561 4069 615 4125 nisi
633 4070 982 4142 postquampupilloratio-
1014 4072 1134 4143 pignoris
1146 4067 1204 4140 jure
1237 4074 1388 4136 ersequeuti
1396 4065 1530 4126 devietis.
1549 4067 1596 4125 Sic
1606 4075 1680 4128 enim
1689 4077 1718 4128 in
1729 4073 1747 4128 l.
1758 4093 1830 4129 sens-

169 4131 355 4216 aes'fuissent
368 4137 502 4203 redditast
527 4151 577 4194 sut
595 4145 654 4208 post
671 4139 777 4202 obitum
793 4139 889 4212 pupilli
906 4139 983 4198 here·
1012 4161 1055 4210 per
1073 4140 1099 4198 5.
1121 4133 1151 4214 ᾗ..
1164 4087 1327 4198 curialium
1348 4155 1387 4194 to.
1431 4179 1437 4192 .
1456 4138 1488 4192 de
1513 4141 1563 4196 'are
1588 4141 1831 4214 immunitatium

172 4205 253 4282 dibus
265 4224 324 4278 etus
342 4207 481 4266 reddenda
499 4220 600 4279 essent,
617 4209 636 4265 l.
660 4227 682 4265 ι.
713 4212 825 4268 axilla
844 4223 940 4284 quoque
956 4224 982 4283 9.
1014 4211 1056 4269 his
1072 4213 1135 4280 ipsis
1152 4206 1222 4268 vetit
1241 4209 1324 4267 alitum
1340 4225 1392 4266 eon
1413 4161 1667 4283 superinduitur,
1682 4233 1726 4270 ror
1741 4232 1842 4270 necer··

168 4295 214 4340 ιο.
229 4296 271 4337 tr.
286 4297 326 4335 12.
340 4273 379 4352 ff.
398 4276 491 4352 adleg.
509 4277 608 4335 Caenei.
627 4277 659 4334 de
688 4283 888 4353 aulularia.
907 4277 1302 4350 contenebratorum
1320 4299 1461 4337 munerum
1479 4284 1682 4351 municipalium
1709 4303 1760 4339 non
1786 4279 1831 4339 ab*

168 4365 242 4414 auiae
260 4347 305 4406 uel
319 4365 424 4428 curator
439 4349 532 4420 audiit.
550 4347 679 4416 candescat
689 4349 707 4406 L
717 4350 761 4424 49.
770 4345 797 4429 §
810 4371 831 4408 1.
843 4351 880 4423 ff
895 4351 983 4422 usati,
1015 4353 1116 4427 stringi,
1127 4353 1199 4418 imo,
1217 4352 1241 4408 sr'
1258 4351 1325 4408 ultro
1342 4371 1369 4406 se
1385 4348 1498 4422 obseraret
1515 4351 1719 4424 municipalibus
1738 4373 1834 4410 mutte-

169 4437 222 4482 uec
241 4415 295 4476 alia
315 4416 394 4476 huius
410 4413 579 4478 definitionis
598 4423 667 4475 ratio
685 4419 785 4493 fuerit,
802 4440 882 4494 quam
901 4441 934 4478 ne
945 4419 984 4476 ‘h-
1015 4421 1098 4495 eiius,
1112 4424 1232 4492 proprius
1248 4435 1320 4488 mse,
1337 4437 1367 4480 ut
1383 4417 1534 4490 probibendi
1553 4425 1605 4478 sint
1622 4444 1641 4477 a
1657 4421 1778 4495 preside,
1790 4422 1834 4482 ael

169 4508 232 4546 scus
249 4489 377 4546 &innam
392 4491 518 4560 sentiret,
536 4501 665 4560 tanquam
683 4493 884 4560 postponendus
901 4490 985 4563 pupil-
1013 4508 1178 4564 procuratore
1194 4492 1312 4559 Castris,
1330 4494 1383 4548 eriri
1393 4493 1461 4563 jam
1478 4489 1831 4620 pariahsesirsefiscodiaart·

171 4555 206 4618 lis
224 4559 389 4615 anteriorem
407 4556 589 4629 hypothecam
605 4559 717 4633 legalem
735 4560 918 4628 habentibust
942 4566 987 4619 cui
1018 4581 1083 4631 ture
1098 4563 1206 4622 additur
1225 4581 1258 4620 ue
1275 4559 1332 4619 hec
1349 4561 1406 4618 sola
1423 4558 1501 4626 huius
1517 4563 1551 4620 de
1571 4565 1685 4620 nitionis
1701 4567 1782 4633 ratio,
1798 4583 1832 4619 rte

173 4644 240 4684 sane
256 4622 340 4696 fisco-³
346 4625 458 4700 legalem
476 4627 656 4702 hypothecam
675 4628 797 4703 habenti,
815 4631 920 4693 nihils
940 4651 988 4701 pu·
1019 4651 1190 4692 extenuentur
1198 4579 1350 4700 insultores
1368 4653 1468 4704 eoram,
1486 4651 1540 4705 qun
1558 4633 1713 4707 subsignare
1732 4631 1834 4700 sanifi-

153 4689 236 4763 'pilli
277 4715 390 4770 quorum
410 4697 495 4756 tutela
511 4715 631 4770 suscepta
649 4707 785 4775 antiquior
802 4715 861 4769 erat
879 4714 989 4759 contra-
1019 4726 1071 4762 seo.
1090 4703 1208 4764 (ionstat
1225 4705 1319 4774 utique
1364 4721 1397 4760 ex
1415 4705 1546 4770 susceptis
1574 4716 1666 4774 postea
1683 4700 1839 4762 muneribus

172 4761 221 4824 tiu
237 4717 519 4836 intremuerunt
538 4768 640 4844 suisset,
657 4771 716 4830 sihi
736 4785 842 4831 tantum
856 4773 990 4842 personali
1022 4795 1066 4847 per
1083 4791 1138 4846 eos,
1155 4776 1202 4842 qui
1220 4769 1323 4848 vebiiga
1336 4777 1362 4832 ia
1375 4769 1429 4844 jam
1445 4771 1536 4832 ahsco
1545 4773 1679 4834 conanus
1693 4772 1860 4843 habebant,¹
1939 4800 1946 4810 ·

171 4833 250 4898 inter
267 4835 498 4912 chirographatur
506 4843 655 4972 privilegi?
672 4861 731 4911 non
739 4850 804 4906 item
812 4845 932 4921 pigneris
950 4859 992 4907 ta-
1024 4845 1095 4912 nihii
1109 4847 1230 4920 potuisu
1248 4841 1312 4910 filio
1326 4843 1454 4908 decute
1477 4858 1613 4976 quaglim
1629 4846 1666 4906 ²d
1683 4839 1725 4917 jus
1749 4843 1841 4922 ¹²2²&

241 4911 309 4972 Vati
325 4909 367 4971 ed
380 4911 507 4976 Pardali.
525 4915 596 4974 Tam.
614 4913 675 4976 IL
710 4958 716 4968 -
