3994 5348
777 249 828 318 Dr
851 217 999 320 naitico
1021 249 1163 320 anoie.
1486 185 1506 204 w
1672 267 1744 344 297

199 341 308 403 vitatem
319 335 388 416 y'ain
415 339 531 400 solatum
548 357 604 398 esse
697 341 748 401 iile
760 355 807 416 pen
820 345 940 414 primaten
966 339 1120 420 vulgatium
1134 332 1306 412 obtensum
1332 343 1402 414 quod
1424 341 1473 416 tir,
1492 343 1517 402 sl
1535 341 1578 402 vel
1596 343 1625 402 id
1641 342 1678 402 ab
1697 346 1778 404 initio

201 381 739 554 insimilitudine
752 428 941 540 minati
968 412 1778 546 uitiatiiiiii,*tittt‘iilitiiitilt

198 571 292 612 nemra
309 554 452 613 secundiani
463 571 545 629 ,egene
558 555 720 624 percellens
734 501 846 624 beriti?
967 505 1058 616 herda
1075 567 1154 628 emet,
1170 556 1205 614 ad
1222 567 1329 626 portum
1345 503 1392 613 gu
1409 554 1499 614 locum
1515 556 1680 615 destinatum
1689 507 1779 616 ddata

135 639 176 700 tn
200 626 284 698 Cujus
300 624 350 681 leci
366 625 431 700 leger
448 625 478 680 in
495 623 677 698 quinionibus
704 621 803 682 cambii
819 623 940 694 nenen-
967 633 1024 700 sit,
1040 637 1088 684 aut
1104 626 1161 684 dies
1178 624 1221 684 vel
1238 626 1362 684 conditio
1377 626 1519 696 extiterit,
1546 625 1581 683 ad
1599 642 1680 694 quarn
1698 643 1777 698 iisque

92 717 96 726 =
202 693 242 750 eie
258 693 329 750 sini?
354 695 421 768 One
438 697 493 750 sint
514 697 649 770 privilegia
677 713 772 754 niente
797 692 940 753 cambialis
966 715 1000 758 en
1027 701 1206 756 conventione
1234 693 1381 766 perieulum
1405 692 1519 754 debebat
1538 695 1679 754 creditoris
1703 713 1776 767 esse,

204 760 488 824 Ansnlnlnnencir?
670 803 674 812 -
967 769 985 824 l.
1005 765 1074 826 nibil
1088 767 1194 824 interest
1202 765 1228 833 ii.
1240 762 1279 840 ff.
1290 764 1315 821 i.
1326 781 1346 846 t.
1357 765 1375 820 l.
1389 782 1411 821 t.
1424 781 1449 821 a.
1460 765 1486 835 4.
1506 766 1534 821 C.
1552 767 1578 822 b.
1588 779 1608 820 t.
1629 763 1777 824 Sciendum

967 853 1058 897 tamen
1100 836 1141 892 ita
1156 837 1264 895 detmim
1280 833 1430 904 traiebiitis
1447 837 1564 903 pecunie
1580 848 1628 892 aut
1646 841 1778 891 mercium

129 907 131 912 '
151 915 174 956 i.
241 903 370 962 Anticum
386 899 473 962 finnus
502 971 507 982 Ι
555 903 626 972 quod
642 919 676 962 ex
693 904 806 974 pectinis
814 902 858 960 vel
867 917 940 963 met·
967 873 1116 978 pericuiutn
1131 906 1167 965 ad
1182 905 1345 964 creditorem
1360 907 1493 974 pertinere
1501 921 1535 961 ex
1543 911 1734 973 conventione,
1752 907 1776 962 sl

256 991 287 1031 ce
304 972 394 1032 aliave
410 991 440 1031 re
455 985 498 1030 tra
550 975 600 1030 itia
617 991 663 1032 seu
678 985 829 1032 tranrnure
838 971 939 1030 velien—
968 995 1023 1037 non
1040 974 1105 1037 dolo
1121 987 1169 1033 aut
1185 974 1264 1047 cnlpa
1281 976 1361 1044 ipsius
1377 973 1510 1033 debitoris
1528 977 1655 1034 intereat:
1674 1016 1694 1045 „
1712 991 1778 1032 nam

129 1035 168 1095 da
185 1041 304 1112 periculo
320 1044 470 1113 creditoris,
487 1043 616 1111 penditur
632 1056 713 1120 atqua
727 1049 811 1102 etiam
818 1057 852 1100 ex
880 1040 940 1100 auo
968 1085 988 1118 „
1003 1053 1025 1103 si
1042 1058 1151 1117 propter
1167 1047 1267 1104 vitium
1284 1044 1424 1116 debitoris,
1441 1061 1492 1103 nec
1508 1042 1569 1102 loco
1582 1047 1690 1114 quidem
1699 1048 1778 1102 navi·

131 1116 187 1175 peti
204 1124 301 1183 ροιωι,
319 1113 336 1170 l.
349 1129 374 1170 i.
394 1111 413 1168 l.
428 1109 571 1181 peniculib.
589 1108 616 1188 b.
629 1131 652 1172 t.
670 1115 687 1170 l.
707 1112 838 1185 inquibus
874 1131 902 1167 nn
913 1123 938 1182 7.
967 1155 987 1188 „
1003 1116 1041 1190 gii
1058 1128 1174 1188 umato,
1190 1113 1294 1173 illicitis
1309 1119 1470 1184 comparatis
1486 1114 1628 1186 mercibus,
1643 1133 1708 1186 quas
1726 1134 1778 1171 na-

125 1175 163 1251 ff.
182 1181 209 1238 b.
227 1186 269 1242 ris.
293 1186 322 1243 tr
338 1199 371 1240 ex
389 1183 505 1240 rationis
521 1183 657 1252 parilitate
674 1185 757 1244 etiam
773 1199 808 1241 ex
826 1185 939 1266 pecunia
967 1223 987 1258 „
1003 1187 1045 1242 vis
1061 1183 1232 1256 continebat,
1249 1182 1524 1255 hscmoccitpaveritr
1540 1191 1696 1243 aminarum
1706 1201 1778 1242 mer·

131 1246 244 1311 rebiuve
263 1269 309 1322 per
325 1251 385 1310 loca
401 1254 548 1324 terrestria,
563 1251 601 1310 ob
617 1253 755 1314 incursum
766 1253 939 1310 hostumaut
968 1295 988 1328 ‚,
1004 1261 1077 1314 cium
1093 1255 1307 1328 detrimentum,
1334 1256 1406 1329 qarod
1424 1269 1478 1310 non
1496 1272 1532 1310 et
1549 1261 1659 1310 marine
1676 1267 1777 1326 ternpo-

1 1302 3 1310 ’
60 1377 68 1386 .
131 1321 285 1388 1³¹2&an
302 1319 460 1393 netiudoea,
477 1322 689 1384 transvehendis·
706 1321 939 1395 Quicmque
968 1367 987 1398 „
1004 1326 1082 1383 statis
1098 1325 1274 1395 discrimine,
1287 1325 1335 1384 sed
1355 1345 1389 1386 ea
1407 1325 1536 1394 precipiti
1554 1327 1670 1384 avaritia
1689 1327 1717 1384 u
1735 1329 1784 1380 in-

130 1392 242 1449 nautica
259 1394 360 1460 poterit
377 1393 431 1449 dici
448 1394 579 1465 pecunia,
606 1396 635 1454 it
652 1391 738 1450 funus
753 1394 830 1468 qnasi
847 1397 939 1449 nauti·
968 1439 988 1472 „
1003 1393 1081 1453 civili
1097 1394 1229 1454 debitoris
1243 1396 1366 1468 audacia,
1384 1395 1511 1452 accidisse
1526 1407 1711 1465 asseveratur,
1729 1396 1778 1454 ad·

132 1476 212 1531 cum,
237 1462 342 1530 qaoties
358 1461 475 1520 creditor
493 1464 611 1530 pecunie
636 1461 828 1532 qualiscunque
844 1473 940 1519 mutuo
969 1508 989 1540 „
1005 1463 1088 1524 scribi
1104 1466 1233 1526 creditori
1251 1463 1315 1536 juris
1332 1464 1434 1536 publici
1452 1465 1525 1521 tatio
1542 1485 1598 1526 non
1615 1462 1778 1536 pennittit“,

132 1529 211 1602 date,
229 1543 364 1602 meusque
381 1547 427 1600 pet
444 1541 529 1588 terras
547 1531 706 1603 periculosas
722 1529 939 1591 hauddevcheu-
969 1547 999 1595 ut
1019 1539 1176 1606 rescriptum
1192 1547 1232 1594 est
1250 1537 1279 1590 in
1297 1537 1314 1590 l.
1332 1549 1390 1605 pen.
1408 1535 1436 1591 c.
1454 1533 1479 1589 b.
1498 1551 1519 1590 t.
1555 1552 1570 1576 e
1672 1573 1675 1580 .

132 1601 188 1670 da,
205 1599 350 1668 pernitiam
367 1606 399 1656 in
415 1617 473 1658 ser
536 1605 605 1659 itin
622 1619 733 1672 mum,
749 1619 803 1678 quo
818 1601 941 1660 conctis
1003 1601 1031 1660 5.
1047 1603 1177 1668 Gustum
1189 1606 1294 1662 ,nostris
1309 1607 1337 1662 u
1371 1603 1477 1662 entium
1496 1604 1681 1678 plerarumque
1699 1605 1780 1661 navi-

135 1667 225 1738 aliqua
242 1687 298 1728 non
316 1669 465 1742 exutait,
488 1689 525 1743 ve¹
549 1675 570 1729 ri
594 1673 694 1744 siquis
710 1674 835 1743 piscatori
845 1670 938 1728 credi
968 1679 1073 1748 gationl
1089 1678 1256 1736 ntuentium
1283 1621 1403 1733 moribus
1425 1675 1499 1730 circa
1527 1674 1637 1745 periculi
1664 1679 1779 1744 pretium

131 1739 204 1798 derit
223 1745 251 1798 in
268 1751 426 1811 apparatum
442 1743 617 1815 piscationis,
637 1755 686 1801 aut
702 1741 810 1801 athleta
825 1739 898 1799 unde
914 1756 941 1797 se
970 1762 1061 1802 rursus
1078 1745 1118 1817 jus
1135 1759 1211 1804 vetus
1228 1743 1384 1804 Romanum
1400 1742 1538 1803 tedutlum
1556 1743 1608 1805 suit
1642 1742 1717 1814 cujus
1733 1763 1779 1817 su·

131 1807 272 1868 exhiberet
289 1824 427 1870 exerceret
463 1830 497 1883 e,
513 1829 545 1870 ea
563 1811 634 1886 lege,
652 1824 682 1872 ut
700 1811 758 1884 ille,
775 1815 799 1868 ri
815 1813 939 1879 cepisset,
971 1815 1062 1886 petius
1078 1833 1113 1874 eit
1134 1813 1208 1872 Pauli
1225 1819 1330 1884 receptis
1340 1816 1475 1871 sententiis
1489 1819 1594 1872 mentio
1611 1785 1693 1886 iada,
1708 1814 1780 1883 qciod

134 1879 191 1948 hic,
207 1883 353 1954 sipiritus,
370 1881 417 1939 ned
452 1892 493 1940 tet
518 1899 573 1942 una
589 1900 653 1940 cum
669 1879 781 1954 periculi
797 1881 884 1952 pretio
895 1895 941 1937 seu
972 1901 1066 1957 nempe
1083 1882 1227 1957 trajebiitia
1245 1887 1360 1953 pecunia
1385 1901 1418 1942 ac
1435 1901 1534 1944 merces
1552 1897 1658 1954 propter
1675 1885 1779 1952 pericu-

130 1951 342 2018 vdditamentoi
359 1962 457 2010 eontra
473 1919 544 2007 nihil
560 1953 694 2023 redderet,
713 1951 791 2011 stille
807 1947 879 2007 nihil
896 1965 940 2005 ce·
972 1954 1030 2012 lum
1046 1955 1187 2014 creditoris
1203 1953 1326 2013 infinitas
1339 1972 1442 2026 usuras,
1459 1956 1612 2032 centesimis
1622 1955 1693 2011 haud
1703 1969 1780 2011 cotr—

152 2029 223 2093 isset,
241 2020 283 2078 hic
299 2019 336 2076 ab
351 2021 506 2080 adversario
522 2029 551 2080 in
561 2025 749 2082 certaminesu
795 2031 940 2078 atusesteti
971 2025 1069 2096 datas,
1085 2030 1200 2094 recipere
1207 2029 1298 2097 possit,
1311 2043 1342 2084 ac
1351 2027 1513 2098 quantitatis
1521 2040 1699 2092 cuiuscunque
1708 2021 1795 2079 obli··

132 2043 241 2166 batibus
258 2089 356 2148 similia
372 2104 455 2161 arnt,
472 2097 495 2148 si
512 2091 563 2151 tibi
580 2093 722 2152 centumd
787 2093 825 2146 ins
860 2101 901 2160 ut,
918 2091 942 2143 η’
971 2097 1046 2170 gatio
1062 2093 1258 2166 substramus
1276 2113 1326 2166 pro
1341 2095 1530 2166 magnitudine
1547 2094 1655 2164 periculi
1673 2095 1702 2150 in
1716 2109 1782 2149 con-

133 2164 324 2232 ennnnreiiter,
341 2161 612 2238 sincnilleedfiicicr,
628 2174 693 2236 puta
719 2167 742 2222 si
760 2178 815 2218 non
915 2175 942 2214 tn
972 2171 1128 2224 vetitionem
1142 2163 1259 2224 deduua
1276 2178 1316 2226 est
1334 2183 1381 2235 per
1397 2163 1568 2223 contrabium
1579 2165 1782 2219 assecurationis

133 2251 187 2305 eas,
205 2236 229 2289 si
246 2251 298 2288 nen
314 2247 364 2289 run
382 2250 447 2288 enne
464 2235 627 2307 convaluero,
643 2251 694 2294 ocu
706 2235 728 2290 is
746 2230 817 2290 forte
833 2244 879 2287 aut
897 2247 942 2298 pe-
974 2235 1054 2306 vulgo
1070 2231 1252 2308 illitumque
1268 2237 1295 2294 id
1312 2253 1328 2292 a
1348 2236 1413 2306 itur,
1430 2249 1460 2294 ut
1478 2251 1577 2294 coenes
1595 2235 1622 2294 u
1641 2230 1693 2289 alia
1711 2249 1783 2290 asse

133 2302 213 2362 dibus
231 2299 375 2372 laborans,
393 2300 489 2358 reddar
505 2319 566 2362 cum
583 2306 668 2363 usuris
685 2301 857 2367 centesimis3
873 2299 943 2380 alio·
972 2319 1067 2362 curata
1084 2307 1215 2380 navigent
1233 2253 1351 2376 pounb
1367 2322 1424 2361 non
1442 2305 1564 2375 domini,
1582 2303 1628 2362 sed
1646 2319 1781 2360 assecura-
1847 2325 1848 2332 ι

134 2373 200 2444 quin
218 2379 246 2428 in
263 2387 339 2429 oasin
355 2372 508 2431 contrarios
525 2371 595 2428 nibil
613 2375 760 2443 restituas,
776 2374 800 2429 si
817 2369 898 2428 inodo
915 2367 944 2424 id
973 2376 1061 2446 toris,
1085 2393 1134 2445 pto
1151 2374 1270 2445 periculo
1285 2386 1405 2444 sciscepto
1420 2375 1537 2446 pretium
1555 2375 1715 2442 recipientis.
1733 2369 1783 2430 ¹De

134 2459 221 2500 unum
238 2454 385 2510 caveatm,
402 2452 434 2498 ut
452 2439 519 2502 tales
535 2445 663 2502 ineantur
680 2444 873 2509 conversiones,
890 2453 944 2510 qaae
974 2445 1024 2502 lroc
1042 2447 1113 2503 vero‘
1122 2447 1330 2504 assecurationis
1346 2441 1489 2504 contnuo
1506 2443 1693 2502 univetiahuc
1703 2455 1782 2500 tran-

133 2517 164 2570 in
181 2499 361 2580 sinebatis
379 2508 492 2582 seilicet)
509 2516 616 2580 speciem
633 2533 685 2571 non
701 2512 810 2580 cedunt,
825 2513 944 2579 adeoque
973 2513 1107 2586 scribere,
1124 2533 1181 2586 quai
1198 2516 1271 2574 circa
1288 2515 1397 2575 undum
1414 2515 1641 2582 assecurationis,
1659 2529 1784 2581 personas

92 2597 96 2604 ·
132 2581 217 2654 talu,
234 2600 266 2636 es
282 2579 374 2652 quibus
389 2581 561 2639 cendiciioner
577 2579 629 2655 (ita
640 2583 793 2657 legendum,
812 2595 866 2637 uon
884 2597 943 2634 cnn-
974 2603 1126 2643 assecurare
1143 2584 1264 2646 valentes
1281 2596 1328 2644 aut
1346 2582 1516 2654 prohibitas,
1535 2601 1576 2641 res
1593 2583 1783 2640 assecurandas
1808 2627 1817 2639 .

134 2651 257 2724 ditiones)
275 2654 350 2706 nasci
366 2652 457 2721 selenc,
473 2653 559 2725 idest,
576 2651 697 2713 autores
713 2657 741 2711 ln
752 2665 891 2720 personam
905 2645 944 2706 ef·
974 2654 1018 2714 vel
1035 2657 1260 2714 assecurationem
1277 2670 1439 2726 respuentes,
1454 2671 1541 2712 tetum
1551 2653 1784 2712 assecurandariun

128 2720 231 2780 'heaees
247 2723 282 2780 ad
332 2720 479 2792 fsequenda
495 2739 539 2790 ea,
555 2741 611 2793 qus
628 2733 826 2782 converemnt:
854 2717 945 2792 quales
974 2727 1188 2804 estimationem,
1204 2727 1447 2795 conservationem,
1461 2726 1605 2793 impensas,
1618 2725 1783 2788 cessionem,

134 2790 252 2850 abiloncs
346 2809 388 2848 ces
405 2791 477 2851 haud
494 2809 555 2849 com
590 2807 671 2864 tunt,
689 2797 791 2864 quoties
808 2793 944 2864 negotium
974 2815 1020 2855 seu
1033 2795 1243 2868 abdicationem,
1262 2793 1420 2866 periculum,
1437 2801 1572 2863 premium
1580 2793 1785 2851 assecurationis

134 2861 312 2934 salegastus
359 2874 388 2931 t,
404 2864 475 2936 quod
493 2863 523 2918 in
540 2881 604 2924 aeae
623 2867 712 2922 vetita
728 2863 843 2933 speciem
860 2858 945 2927 cedit,
974 2885 1020 2924 seu
1037 2865 1283 2938 periculi'pretium
1299 2884 1332 2934 ac
1350 2865 1513 2923 solutionem
1530 2862 1597 2933 eius,
1615 2862 1784 2920 observanda

135 2933 282 2990 secundum
300 2948 346 3002 ea,
365 2949 420 2999 que
438 2933 479 2986 ad
493 2936 535 2990 rii.
553 2935 586 2989 de
603 2932 766 2991 charentine
783 2929 855 2991 iius
871 2939 944 2988 suot.
976 2937 1106 3007 veniant,
1131 2936 1284 2996 consultum
1302 2953 1359 2994 non
1375 2935 1475 2992 censui.
1494 2932 1593 2992 videri
1607 2937 1662 2988 ista·
1675 2947 1786 3000 possunt

136 2997 200 3062 Nisi
219 2999 290 3060 sorte
306 3007 392 3072 “ligii
411 3001 533 3073 illiceat,
559 3005 594 3062 ad
612 3005 697 3062 aleam
716 3003 828 3063 vetitam
850 2999 945 3059 tesrrri
974 3017 1101 3065 enarrata
1118 3006 1223 3076 prolixe
1240 3013 1306 3064 satis
1322 3011 1350 3066 bt
1367 3017 1490 3064 accurate
1499 3006 1634 3061 variarum
1644 3006 1785 3074 regionum

134 3069 218 3130 Verbi
237 3067 296 3141 5¹¹2,
314 3073 447 3142 vivims
465 3093 495 3128 ’ἓ
512 3073 604 3145 ivibus
622 3073 793 3132 censimum
810 3076 886 3129 nolti
903 3092 944 3128 5⁰·
976 3077 1078 3151 legibus
1094 3078 1228 3150 superiori
1251 3080 1280 3136 bt
1298 3074 1349 3134 hoc
1366 3073 1605 3140 seculoconditis3
1631 3089 1661 3128 ac
1679 3075 1709 3130 in
1728 3069 1786 3142 ple-

98 3198 100 3206 ,
136 3142 200 3211 lent,
217 3155 248 3199 ut
265 3159 357 3198 sensus
374 3145 425 3212 sit,
442 3153 650 3204 conventionem
671 3143 777 3213 valere,
793 3147 819 3200 ri
836 3145 864 3200 in
882 3141 945 3198 alen
975 3151 1063 3218 risque
1080 3165 1248 3218 consensum,
1266 3149 1294 3202 in
1304 3147 1405 3217 paucis,
1421 3147 1506 3214 iisque
1519 3141 1663 3200 levioribus
1676 3154 1785 3200 tantum

135 3212 212 3281 (puta
223 3207 324 3282 vetita)
343 3213 453 3280 speciem
470 3231 521 3269 non
537 3215 630 3283 radan
648 3216 765 3285 adeoque
782 3231 839 3270 non
855 3217 944 3270 conti-
975 3219 1125 3276 dissensum
1132 3217 1338 3277 continentibus
1367 3212 1784 3288 precipueeliiicneuiieefbi-

133 3293 201 3338 neat
227 3298 278 3351 ea,
302 3303 336 3336 ec
353 3279 446 3354 quibas
463 3283 652 3355 condiniani,
671 3285 756 3343 idest
774 3284 945 3353 repetitiones
977 3287 1037 3358 lippi
1053 3287 1128 3356 turp.
1148 3289 1224 3364 Regii
1243 3308 1307 3344 ann.
1320 3259 1397 3345 iiiii.
1417 3300 1473 3354 cap.
1491 3286 1539 3344 reli.
1557 3283 1591 3346 (5
1608 3282 1692 3342 inito
1708 3298 1785 3353 pecn-

133 3353 310 3422 amissorum,
338 3355 413 3409 nnrci
431 3353 533 3422 coleni,·
548 3357 614 3414 dum
630 3355 740 3414 aliunde
757 3365 883 3433 constat,
901 3351 945 3420 id,
976 3359 1039 3414 licei
1055 3355 1086 3412 de
1104 3356 1343 3416 assecurationibrer
1361 3375 1425 3412 ann.
1447 3353 1523 3426 1570.
1550 3355 1705 3424 municipali
1722 3353 1785 3408 Me·

134 3423 206 3491 quod
223 3428 256 3482 ἰιιΙ
270 3421 328 3482 alea
346 3425 472 3481 amissum
488 3439 538 3495 est,
556 3437 686 3496 tanquam
701 3443 735 3484 ex
753 3425 945 3493 iniustacausa
976 3426 1052 3483 diebu
1095 3430 1183 3486 nrieenn
1198 3425 1614 3485 an.1600.ii0nninmnnsiun
1632 3426 1699 3482 anni
1711 3419 1785 3500 ιβοᾼ

134 3509 216 3558 penes
235 3490 363 3566 viderem
380 3499 506 3568 existetis,
524 3498 630 3556 condiri
723 3497 768 3565 ,l.
783 3512 805 3549 t.
822 3494 851 3549 C.
871 3491 944 3548 dea·
975 3500 1074 3555 Amris
1083 3495 1265 3555 celemensium
1283 3515 1328 3554 nn.
1349 3497 1423 3560 1612.
1442 3495 1608 3564 quaomnia
1625 3492 1706 3552 simul
1725 3508 1785 3560 iun—

135 3563 227 3621 locine.
245 3562 290 3623 it'n
307 3563 362 3623 sere
379 3566 471 3638 modo,
489 3583 543 3634 quo
558 3569 587 3627 dt
604 3513 862 3637 affigentium,
878 3560 949 3633 qued
978 3565 1020 3626 iia
1038 3568 1067 3621 in
1086 3569 1134 3625 vol.
1151 3584 1172 3624 t.
1188 3569 1307 3637 placitae.
1326 3567 1398 3624 iiiii.
1416 3585 1434 3620 a
1450 3579 1507 3640 pag.
1525 3561 1585 3620 820.
1604 3562 1646 3620 nd
1655 3579 1714 3638 pag.
1723 3559 1784 3632 876.

134 3653 166 3688 es
182 3653 234 3691 non
252 3655 371 3692 concessa
388 3638 677 3708 donatismi-erinstein,
693 3635 946 3701 idaeisinecnnrc,
975 3655 1006 3694 ae
1023 3637 1134 3693 tandein
1153 3643 1313 3708 novissime,
1339 3639 1489 3707 pariterque
1507 3633 1678 3706 plenissime,
1702 3631 1786 3691 edicio

135 3717 186 3774 cns
203 3723 234 3758 ea
250 3709 354 3777 injusta
372 3726 457 3764 cansa
474 3711 581 3764 retineri
620 3703 761 3779 exquibus
778 3706 867 3762 sancis
885 3722 944 3760 cen·
976 3706 1189 3765 LredoviciXIV.
1207 3708 1453 3781 Gallienumiiegir,
1469 3699 1624 3762 ann.1681.
1644 3708 1674 3760 itt
1692 3701 1786 3760 libello

136 3770 367 3844 ditionascicofet,
384 3778 476 3846 inuia
494 3778 564 3848 qnod
578 3749 604 3838 d.
615 3775 654 3854 ff.
672 3775 944 3852 narniniensis,
976 3783 1019 3836 cui
1036 3774 1152 3847 titulus,
1178 3777 1341 3835 ardennense
1362 3776 1394 3831 de
1412 3776 1492 3832 louis
1512 3771 1586 3831 xiv:
1614 3771 1739 3830 tenebant
1758 3773 1786 3826 la

135 3839 291 3902 &acorem
310 3846 401 3918 Atque
419 3843 490 3902 hunc
508 3859 575 3915 puto
590 3865 699 3905 sensiun
715 3865 770 3904 esse
787 3845 813 3900 d.
833 3847 851 3902 l.
870 3845 894 3901 5.
905 3840 944 3916 s).
977 3851 1079 3904 ennnine
1107 3846 1203 3914 lived.
1214 3863 1233 3904 i.
1245 3845 1271 3905 6.
1293 3845 1402 3920 Quibus
1419 3844 1557 3904 addendus
1574 3843 1647 3902 Petri
1664 3843 1698 3902 de
1715 3839 1788 3900 Sati-

136 3910 164 3968 b·
183 3927 204 3968 t.
223 3913 326 3973 Gonu
343 3913 487 3986 CuJ'acium
505 3913 549 3972 lib.
567 3930 594 3989 q
611 3915 709 3974 obiens.
729 3929 771 3989 29.
977 3929 1053 3975 terna
1073 3889 1198 3976 husitani
1225 3921 1253 3976 bt
1273 3915 1420 3976 Beneventi
1440 3909 1574 3972 Stracchae
1597 3915 1631 3972 <ie
1648 3931 1787 3970 assecura-

172 3999 198 4038 2.
217 3982 375 4044 Substantia
393 3989 484 4056 itaque
502 3983 610 4044 sonoris
619 3989 722 4044 nautici
732 3985 947 4053 inroconsistit,
977 3985 1087 4044 sionibus
1106 3987 1177 4046 libes.
1204 3985 1420 4058 Notandumque
1437 3985 1564 4056 insuper,
1591 4000 1680 4042 retum
1698 3983 1786 4040 hosti-

137 4056 209 4124 quod
294 4057 340 4112 nia
358 4057 462 4116 credita
480 4072 534 4113 non
553 4056 683 4116 debitoris
712 4075 758 4116 seu
777 4055 946 4123 mutuatarii,
978 4055 1061 4126 lium,
1078 4070 1126 4114 tut
1144 4057 1180 4117 acl
1197 4071 1289 4128 portus
1307 4056 1415 4114 hostiles
1433 4051 1633 4126 vehendarum,
1650 4069 1786 4118 assecura-

136 4139 169 4183 ut
187 4141 287 4199 vugo,
304 4128 350 4185 sed
367 4127 509 4186 creditoris
526 4145 571 4184 sen
589 4131 742 4184 mutuantis
760 4124 877 4198 periculo
893 4125 945 4190 siti
977 4130 1088 4199 tionem,
1107 4139 1164 4183 tam
1172 4145 1243 4199 eant,
1259 4145 1316 4199 que
1333 4123 1442 4192 dinuo,
1459 4140 1538 4197 quim
1557 4142 1613 4194 qua
1625 4123 1785 4182 fraudulen-

136 4207 243 4265 proptei·
255 4197 330 4265 quod
348 4196 496 4266 periculum
513 4197 577 4255 licet
595 4197 866 4254 oiirnnullnssoenori
878 4213 945 4252 nau·
978 4203 1013 4254 tis
1030 4195 1276 4255 machinationibus
1292 4196 1345 4268 fir,
1371 4191 1544 4255 interdibiam
1563 4212 1624 4262 ¹esse
1642 4191 1692 4251 sub
1709 4209 1786 4262 poena

134 4269 192 4320 tico
209 4269 339 4323 terminus
356 4269 524 4340 praescriptus
542 4263 633 4339 luerit,
650 4267 762 4339 indeque
771 4274 799 4325 ln
810 4264 947 4324 infinitum
977 4265 1165 4338 publicationis
1182 4283 1362 4337 numnnrum,
1379 4266 1576 4332 assecauatione
1587 4275 1786 4326 contentorum.

134 4351 169 4390 eit
186 4340 369 4396 conventione
386 4340 504 4410 partium
528 4339 638 4397 extendi
666 4340 783 4410 potuerit
828 4338 947 4391 uantitas
977 4339 1133 4398 Declaearie
1151 4359 1205 4394 nen
1214 4338 1343 4395 eoelocbie
1359 4359 1390 4392 en
1401 4335 1554 4403 Vranieyclr
1563 4329 1785 4408 pritannium.

136 4401 203 4474 ejus,
222 4420 288 4464 teste
306 4405 392 4467 Panlo
408 4421 497 4475 recept.
516 4425 583 4463 sent.
601 4409 645 4465 lib.
655 4425 680 4466 2.
691 4412 735 4466 iit.
749 4405 790 4474 tri.
808 4351 836 4477 d
848 4401 873 4460 5.
893 4404 948 4474 jure
977 4424 1029 4464 art.
1044 4403 1083 4466 ιδ.
1103 4406 1190 4476 veli.
1206 4409 1298 4478 placit.
1346 4409 1387 4463 cll.
1404 4417 1529 4478 pagam.
1638 4412 1643 4422 “
1726 4471 1734 4486 ·

137 4489 229 4534 tamen
248 4493 321 4534 roro
336 4480 371 4538 ad
380 4479 542 4539 centesimas
551 4476 702 4536 rectridum
710 4491 761 4548 est,
770 4480 787 4534 l.
798 4497 839 4532 ner
847 4481 892 4547 qni
903 4475 946 4533 26.
1012 4476 1039 4546 i.
1059 4476 1149 4536 Simili
1167 4477 1247 4534 mocio
1266 4493 1350 4545 neque
1369 4471 1523 4548 vulgaribus
1540 4489 1626 4552 neque
1633 4477 1786 4530 centesimis

136 4547 167 4600 C.
186 4546 217 4603 de
235 4550 331 4618 usuris,
348 4568 380 4606 ac
398 4547 454 4620 iure
471 4549 617 4605 novissimo
633 4547 823 4606 confirmatum
840 4562 884 4616 pen
900 4566 947 4602 no·
978 4550 1065 4603 usuris
1082 4545 1234 4608 restituam
1260 4559 1300 4603 est
1317 4565 1350 4604 ex
1367 4543 1485 4604 moribus
1503 4541 1639 4600 hodiernis
1662 4556 1786 4600 mutuum

137 4615 199 4672 vell.
222 4634 279 4674 tio.
298 4619 428 4694 abrogata
445 4641 503 4677 neo.
527 4617 599 4676 106.-
608 4618 664 4690 qus
681 4623 840 4680 centesimas
856 4616 947 4673 escen
979 4615 1065 4687 illud,
1085 4619 1162 4690 quod
1179 4617 1295 4675 creditor
1313 4612 1362 4671 sub
1381 4615 1605 4695 pignorecarine
1622 4611 1670 4669 dat
1690 4610 1732 4670 vel
1751 4613 1787 4670 ad

138 4693 305 4756 permiserat.
335 4689 369 4748 h't
387 4693 448 4763 quia
465 4706 546 4746 usura
573 4687 628 4746 hec
655 4691 810 4760 gravissima
836 4685 947 4758 periculi
979 4698 1084 4746 cetttun
1102 4703 1218 4756 tempus,
1234 4687 1278 4742 vel
1294 4687 1421 4764 quamdiu
1440 4680 1789 4766 narutsaivaesrssalege,

134 4762 253 4824 pretium
269 4773 319 4830 est,
337 4760 399 4818 hinc
416 4771 537 4819 cessam
554 4759 672 4830 periculo
688 4763 776 4820 seuad
788 4759 949 4818 creditorem
980 4769 1010 4814 ut
1027 4777 1061 4814 ert
1079 4757 1239 4825 numidiam
1255 4767 1357 4828 questu
1382 4771 1438 4825 eius
1455 4767 1592 4836 graviores
1618 4767 1665 4820 pto
1689 4755 1795 4808 ratione

138 4845 196 4890 non
216 4835 376 4902 pertinente,
394 4831 463 4889 redit
473 4829 549 4887 illico
558 4846 701 4890 usurarum
709 4830 893 4894 communium
903 4845 949 4888 seu
982 4827 1096 4897 periculi
1111 4839 1272 4900 praestentur
1290 4843 1372 4897 usura
1383 4866 1393 4899 ,
1417 4841 1451 4882 ac
1468 4838 1562 4884 cirins
1588 4831 1715 4894 pereunte
1740 4839 1796 4881 ⁸01⁵

214 4901 276 4958 Voce
294 4899 335 4958 cd
349 4901 475 4963 panicii.
494 4903 565 4962 Tem.
583 4899 646 4960 iil.
1468 4886 1513 4951 58
1807 4929 1810 4936 ·
