4012 5344
253 237 320 308 ido
854 259 925 325 tii.
951 257 1051 326 XVII.
1078 261 1142 328 lit.
1167 263 1213 326 11.

204 335 301 390 metim
319 334 347 394 ui
364 333 397 396 iia
414 333 523 402 vitetur
538 357 573 402 ex
592 341 735 406 licendum.
746 342 810 408 vid.
830 345 910 412 He&
928 347 1012 410 Felic.
1045 369 1070 409 2.
1082 351 1120 424 ff.
1136 352 1162 412 i.
1181 371 1202 413 a.
1221 351 1249 414 dr
1268 349 1338 414 Ant.
1356 349 1478 418 Fabium
1496 358 1526 417 in
1542 359 1666 418 mimi
1684 359 1727 417 cd
1739 361 1862 420 eandm

203 403 231 459 d.
244 419 327 460 tract.
345 405 379 463 de
393 416 479 470 saciet.
497 429 553 486 cap.
567 361 611 492 67.
631 438 705 476 num.
729 416 773 492 59.
783 419 829 479 60.
1045 423 1134 498 legem.
1637 467 1644 480 ·

245 491 286 530 ¹²·
305 473 436 538 Pictam
455 487 527 547 inter
577 492 696 550 rsonales
714 499 895 558 praestationes
913 493 965 550 hac
983 513 1012 550 a·
1086 491 1124 552 13.
1144 491 1248 552 Petitur
1275 499 1381 565 insuper
1399 495 1451 555 bac
1467 496 1598 572 afiione,
1624 515 1654 560 ut
1670 502 1760 560 mcius
1779 503 1867 562 inde-

206 541 297 604 utone
314 553 443 638 petendas
469 560 498 618 dr
519 509 587 620 xiie
604 573 664 633 est,
688 563 822 622 ursocius
847 565 922 620 socio
938 563 1013 622 lucra
1044 565 1115 621 mnis
1133 583 1181 634 pro
1198 575 1502 628 rateaerveturrarione
1517 571 1620 643 damni,
1636 572 1781 642 quodmru
1800 567 1865 633 for·-

205 631 386 679 commtmtcet
432 625 533 686 damna
550 644 673 703 reparet,
691 650 747 691 non
765 645 873 692 tantum
895 634 959 693 dolo
985 639 1013 694 ἂ
1046 641 1116 694 tuito
1131 642 1185 693 suis
1203 641 1233 692 in
1250 635 1329 696 rebus
1338 641 1476 696 societatis
1491 645 1634 700 occasione
1651 661 1788 712 perpessam
1804 657 1850 704 est

207 683 272 757 lma
290 689 337 774 ³⁶5¹
352 695 381 751 8(
395 665 457 769 ieri,
475 718 532 757 non
551 702 616 760 item
634 702 767 761 levissima
784 704 862 776 culpa
882 705 923 765 vel
941 723 1013 777 caat,
1045 717 1075 763 ut
1093 719 1156 763 ante
1173 703 1286 772 didon,
1303 706 1321 762 Ι.
1340 725 1402 763 eum
1419 707 1518 768 duobus
1536 711 1582 770 52.
1598 705 1626 784 6.
1643 711 1756 784 quidm
1773 712 1800 782 Ι.
1814 687 1863 786 θ’

207 763 357 816 meieratrr
381 779 444 837 ara,
490 772 762 833 ,sisinninm
791 775 809 831 Ι.
827 795 889 832 eum
916 774 1013 832 duobus
1046 773 1070 832 i.
1089 791 1109 832 t.
1126 778 1205 845 eique
1223 771 1403 836 refundantur
1421 781 1565 854 impensa,
1581 799 1649 854 quas
1666 784 1804 842 sociorum
1822 803 1861 848 n-

207 825 252 885 52.
270 822 296 900 6.
315 847 340 888 a.
365 875 385 920 1.
405 834 438 923 4..
473 885 479 898 .
500 839 526 897 Ι.
537 859 556 899 t.
567 846 723 902 cautionem
740 863 845 920 quoque
860 848 896 908 de
913 847 1015 906 damma
1046 864 1097 904 nus
1112 863 1193 916 supra
1211 859 1402 915 suampartem
1419 846 1607 921 fecit,sive'in
1623 869 1715 910 rerum
1732 870 1863 912 commu-

206 899 346 992 vellucro
362 916 758 974 rmmrnentecommunlcendo
768 918 933 988 interponat,
950 917 1015 976 dum
1047 922 1125 973 nium
1139 922 1373 974 conservationem
1390 924 1566 991 erogaverite
1582 916 1660 993 (quo
1676 941 1741 982 casu
1757 926 1861 997 etiarn,

207 983 344 1032 socretetts
359 988 500 1042 occasione
524 985 612 1044 adhue
632 985 706 1044 lucra
731 999 891 1058 sperantur,
916 989 1016 1044 damna
1046 987 1071 1043 si
1086 987 1174 1042 socius
1190 984 1260 1044 alter
1278 988 1351 1043 intra
1370 1004 1473 1046 menses
1488 1006 1607 1062 quatuor
1640 1009 1674 1049 ex
1690 1013 1743 1065 quo
1761 996 1796 1053 ad
1813 1013 1863 1054 re·

207 1053 374 1129 mentuntur,
391 1048 569 1123 obligationes
587 1058 722 1116 societatis
741 1059 844 1116 intuitu
861 1055 1016 1127 contradis,
1046 1057 1215 1114 stitutionem
1232 1057 1426 1115 condemnatus
1441 1076 1492 1131 ear,
1509 1033 1681 1136 nonreddat,
1700 1063 1797 1124 vidisti
1817 1065 1864 1138 ins

208 1125 242 1168 (Χ
260 1113 356 1184 ‘imbus
374 1123 498 1181 societati
528 1125 639 1186 debetur
658 1126 700 1186 vel
719 1127 891 1200 ipsedebet,
917 1141 952 1185 ex
971 1130 1015 1184 in·
1048 1125 1204 1185 Romanum
1222 1131 1342 1196 permisit
1358 1144 1415 1185 tem
1433 1142 1531 1204 totam,
1548 1135 1577 1189 in
1595 1149 1676 1202 quam
1694 1135 1860 1207 impensum,

207 1194 281 1239 certa
299 1187 459 1251 conditione
476 1215 506 1254 su
555 1217 606 1255 naa
615 1212 689 1271 sunt,
707 1199 726 1254 Ι.
744 1216 827 1254 omna
843 1215 877 1254 er
895 1197 1016 1254 alinum
1047 1215 1096 1266 pro
1112 1197 1239 1264 impensis
1255 1201 1375 1256 retinere
1391 1215 1423 1255 ac
1440 1217 1518 1258 suam
1534 1200 1632 1272 facere,
1648 1204 1672 1260 si
1690 1205 1718 1264 id
1735 1205 1789 1264 sibi
1805 1223 1865 1264 ex-

207 1253 289 1338 2251.
308 1251 349 1313 28.
366 1256 399 1328 ff.
418 1261 443 1320 b.
463 1283 482 1323 r.
533 1289 563 1328 ec
581 1269 703 1341 interest,
721 1280 813 1328 utrum
832 1286 874 1326 res
890 1285 1016 1326 commu·
1047 1267 1138 1337 pedire
1155 1279 1249 1340 putet,
1268 1268 1286 1323 Ι.
1305 1287 1366 1325 cam
1396 1266 1495 1328 Modus
1512 1271 1556 1330 52.
1573 1267 1603 1347 6.
1619 1271 1689 1331 idem
1716 1276 1862 1347 cumulat.

207 1337 252 1378 nas
279 1341 327 1382 sua
344 1327 420 1401 culpa
439 1339 588 1408 corruperit
607 1351 661 1398 aut
686 1339 832 1412 perdiderit
848 1339 935 1398 socius
980 1357 1016 1395 an
1053 1357 1092 1395 to.
1104 1334 1143 1408 ff.
1162 1335 1186 1394 i.
1205 1357 1225 1394 r.
1245 1335 1264 1394 Ι.
1283 1339 1307 1393 ri
1322 1355 1353 1396 ur
1367 1345 1486 1409 proponit
1502 1341 1530 1412 d„
1549 1346 1577 1402 C.
1597 1343 1631 1400 de
1646 1345 1736 1418 eafrfie.
1770 1349 1860 1406 siuas.

207 1394 366 1457 conditione
392 1411 547 1476 acquirendi
565 1428 628 1470 usus
645 1429 701 1468 non
719 1415 768 1480 sit,
796 1427 859 1466 cum
876 1413 904 1468 dr
922 1381 957 1467 ad
975 1408 1017 1466 lu·
1048 1411 1119 1492 quod
1136 1421 1229 1465 tamen
1244 1424 1302 1484 una
1318 1423 1381 1466 cum
1397 1408 1457 1468 aliis
1474 1416 1560 1482 pranis
1576 1411 1716 1488 legalibtu,
1734 1364 1859 1489 ailmsem

206 1475 282 1520 ctum
299 1475 463 1538 captandum
481 1484 592 1539 societas
610 1481 724 1539 incatur.
743 1479 866 1540 Mudaeus
883 1479 918 1538 ad
935 1480 953 1536 Ι.
972 1499 1017 1536 ne·
1070 1477 1223 1536 ruentibus
1241 1492 1299 1546 ture
1314 1497 1381 1558 uro,
1407 1479 1611 1543 desuetudinem
1628 1485 1733 1559 abisse,
1759 1503 1861 1548 monce

208 1553 259 1619 m·
279 1555 309 1591 ee
326 1545 403 1599 sociis
420 1540 462 1602 68„
485 1540 517 1621 6.
551 1569 574 1608 t.
619 1550 669 1608 .b.
689 1568 709 1608 r.
729 1549 796 1608 Ant.
814 1547 961 1608 Mattheus
986 1548 1019 1604 de
1049 1497 1259 1634 iiroenewegcn
1285 1545 1365 1628 adj.
1392 1549 1411 1606 Ι.
1428 1547 1476 1622 Ι.)
1493 1555 1551 1612 sive
1567 1554 1639 1614 ultra
1654 1573 1729 1616 mam
1755 1573 1864 1629 partem

208 1601 312 1680 obliger.
331 1609 396 1682 disp.
424 1613 469 1674 23.
487 1618 551 1676 ther.
584 1639 594 1679 r
618 1663 624 1677 .
644 1623 673 1677 in
683 1621 751 1691 fiae.
779 1618 847 1678 Non
865 1623 948 1692 etiam
975 1637 1016 1681 re·
1049 1623 1185 1678 societatis
1214 1616 1437 1691 tntuituisolvere
1462 1636 1594 1682 extraneo
1611 1629 1749 1685 societatis
1765 1629 1866 1688 credi--

207 1670 272 1748 fert,
291 1695 326 1736 an
344 1682 401 1739 sola
418 1688 485 1744 socii
503 1692 667 1766 negligentia
678 1690 781 1761 culpari
803 1695 894 1763 possit,
913 1708 949 1746 an
969 1707 1018 1748 ue-
1050 1689 1103 1747 tori
1120 1685 1337 1760 manusueti,
1353 1689 1372 1744 Ι.
1395 1707 1417 1746 r.
1434 1683 1459 1764 6.
1480 1696 1530 1750 ult.
1549 1694 1583 1756 (ς
1600 1695 1629 1752 ΙΙ.
1642 1710 1709 1771 saqq'.
1721 1694 1761 1769 ff.
1780 1699 1813 1754 ds
1829 1721 1864 1756 e·

208 1759 251 1816 ro,
267 1765 326 1806 cum
346 1758 373 1809 in
392 1755 550 1823 quibusdam
569 1762 746 1836 negligentior
756 1759 861 1831 fuisset,
879 1767 907 1816 in
927 1759 1019 1830 pletis»
1049 1761 1137 1815 sarcit.
1157 1760 1210 1816 aii.
1228 1773 1284 1832 arg.
1298 1756 1401 1816 lamae
1418 1781 1451 1816 ae
1468 1778 1511 1835 27.
1526 1761 1561 1834 ff.
1578 1764 1631 1824 bn.
1642 1785 1697 1824 una
1715 1785 1777 1826 cum
1796 1787 1865 1828 uae·

207 1831 259 1886 que
277 1817 336 1878 altis
361 1823 504 1899 diligentia
522 1851 626 1890 summa
653 1839 757 1892 auxerit
783 1832 960 1899 societatem3
986 1835 1020 1886 eo
1050 1835 1095 1902 ris,
1112 1847 1177 1902 quas
1192 1841 1239 1896 aut
1256 1831 1390 1902 erogavit,
1409 1848 1533 1892 summm
1542 1837 1732 1906 impendendos
1749 1853 1864 1898 mutuos

208 1887 281 1954 quod
308 1909 365 1950 non
384 1895 504 1972 placuit,
532 1903 577 1960 hie
594 1903 741 1976 diligentie
765 1918 827 1958 cum
854 1901 1019 1984 negligentia
1050 1900 1202 1970 accipiens,
1220 1911 1268 1956 aut
1286 1903 1446 1970 expropria
1463 1912 1576 1972 pecunia
1594 1907 1707 1977 depensa
1725 1910 1863 1979 potuisset

208 1965 456 2028 compensationem
475 1968 551 2046 lieri,
569 1973 614 2031 sed
641 1977 726 2048 magis
742 1991 776 2032 ex
794 1969 960 2044 negligentia
976 1989 1019 2026 so-
1051 1971 1181 2042 redigere,
1199 1970 1217 2026 Ι.
1237 1969 1260 2023 ri
1277 1987 1345 2026 unus
1362 1969 1407 2041 67.
1424 1965 1456 2045 6.Ι
1469 1989 1525 2043 pen.
1538 1972 1576 2046 ffi
1590 1974 1617 2034 Ι.
1636 1993 1658 2034 t.
1675 1978 1864 2037 Consideran-

163 2041 166 2046 ’
207 2028 409 2093 oitmromnino
426 2045 534 2114 teneri,
552 2043 570 2101 Ι.
598 2041 693 2106 delllo
721 2039 763 2100 25.
782 2035 809 2116 6.
833 2059 856 2097 t.
884 2041 902 2098 Ι.
921 2061 973 2098 non
990 2039 1021 2098 ab
1050 2041 1115 2100 dum
1141 2042 1216 2097 enim
1240 2035 1289 2112 (ut
1312 2035 1733 2174 ²¹¹iuffntuiuwfiii²mfi
1756 2055 1863 2108 ”Cium

207 2115 273 2152 eane
290 2102 333 2160 25.
351 2105 370 2160 Ι.
390 2107 432 2164 26.
451 2105 484 2178 ff.
502 2113 528 2171 b.
548 2131 567 2168 s.
587 2109 654 2186 Qua
674 2115 735 2174 licet
755 2112 835 2170 hodie
853 2123 955 2170 mutata
974 2131 1019 2170 ve·
1051 2125 1135 2168 unum
1152 2110 1482 2180 quandoqueesocretatis
1562 2115 1677 2176 rtoribus
1695 2117 1767 2177 ultra
1784 2137 1867 2178 mans

208 2165 242 2222 tn
270 2169 491 2252 oroenevegius
517 2184 552 2242 aa
569 2182 589 2239 1.
617 2181 660 2241 25.
678 2179 704 2260 i·
727 2205 750 2242 ι.
766 2181 798 2310 ιζ
819 2180 843 2239 a.
869 2197 889 2238 ε.
908 2195 1020 2253 tamen,
1051 2199 1125 2251 nosse
1142 2193 1247 2249 nauem
1264 2181 1416 2238 conveniri·
1434 2179 1518 2254 Quod
1536 2201 1566 2244 ut
1585 2183 1758 2248 manifestius
1774 2207 1863 2260 ann·

208 2255 272 2296 mm
290 2244 364 2301 nulla
382 2255 598 2322 certaequitatls
616 2261 686 2312 ratio
705 2273 753 2324 pro
792 2269 822 2311 ac
841 2252 941 2314 militet
961 2269 1020 2310 mu-
1051 2265 1128 2322 reat,
1147 2250 1341 2321 inspiciendum
1357 2253 1421 2324 erit,
1439 2265 1529 2311 utrum
1546 2271 1640 2316 omnes
1657 2261 1724 2316 socii
1739 2276 1864 2317 eommu-

207 2312 325 2387 tatione,
342 2321 427 2389 magis
446 2317 496 2388 iuri
517 2322 643 2383 Romano
651 2326 777 2382 standum
796 2331 861 2392 puto
878 2339 940 2380 cum
950 2321 1020 2379 Ant.
1052 2327 1122 2380 niter
1139 2323 1168 2380 dr
1186 2337 1232 2389 per
1248 2338 1276 2378 se
1292 2325 1449 2379 soeictatem
1457 2341 1506 2391 pro
1515 2326 1634 2384 indiviso
1650 2343 1801 2401 exerceant,
1822 2347 1860 2386 ao

212 2379 347 2441 Manlio
364 2387 395 2442 de
413 2388 517 2466 obligat.
537 2395 631 2466 disput.
647 2391 689 2450 23.
708 2395 775 2450 lber.
799 2393 838 2450 15.
857 2389 933 2464 Quin
953 2395 1020 2462 imo,
1052 2407 1115 2448 vero
1131 2395 1179 2454 uni
1195 2407 1229 2448 ex
1255 2406 1305 2447 suo
1323 2405 1456 2464 numero,
1472 2393 1516 2452 vel
1533 2398 1618 2453 etiam
1642 2398 1793 2458 institutori
1810 2417 1858 2466 ex·

209 2455 231 2508 si
250 2455 354 2512 socium
372 2460 427 2516 suis
445 2463 473 2518 in
494 2465 571 2522 rebus
596 2464 800 2538 diligentissimi
819 2459 1020 2534 patrisfamilias
1053 2475 1165 2532 tranoo,
1190 2459 1416 2522 denunciaverint
1444 2476 1533 2521 totam
1550 2467 1688 2525 eminetis
1713 2487 1808 2527 curam
1826 2486 1859 2526 ne

209 2520 302 2580 ofi‘rcia
321 2525 431 2597 implere
448 2531 534 2592 solere
552 2537 580 2591 ln
598 2549 692 2605 aperto
710 2541 757 2606 sit,
775 2539 820 2589 vix
837 2531 949 2590 dubium
966 2551 1022 2590 esse
1053 2532 1338 2596 administrationem
1355 2548 1391 2588 an
1408 2532 1527 2604 denique
1536 2540 1643 2606 partitis
1651 2555 1696 2606 per
1706 2551 1795 2607 partes
1812 2551 1863 2596 aut

210 2605 318 2665 potest,
336 2599 400 2665 quin
419 2601 449 2660 dr
466 2605 495 2660 in
514 2606 592 2665 rebus
619 2607 757 2663 societatis
774 2605 807 2662 ad
826 2599 1023 2660 eradiissimam
1052 2607 1173 2674 regiones
1188 2607 1274 2671 operis
1291 2616 1340 2668 pro
1365 2601 1454 2660 diviso
1469 2607 1568 2679 singuli
1593 2613 1758 2674 nisceperint
1774 2611 1865 2668 soch-

211 2663 379 2738 diligentiam
389 2676 570 2738 prestandam
579 2676 773 2749 obstringetur,
781 2675 844 2734 dum
863 2670 957 2732 fraude
967 2691 1022 2731 non
1052 2677 1116 2728 tatis
1134 2671 1343 2731 mediationem.
1362 2673 1394 2728 Si
1412 2692 1458 2744 per
1475 2693 1503 2734 ee
1519 2685 1612 2734 ornnes
1629 2685 1811 2736 comouriter
1830 2681 1879 2738 dr·

217 2749 303 2809 earet,
321 2739 456 2797 minorem
475 2743 552 2803 rebus
570 2745 668 2804 alienis
676 2763 768 2804 curam
786 2742 926 2814 adhibens,
942 2759 1023 2816 quam
1054 2762 1101 2813 pro
1119 2742 1237 2799 indiviso
1253 2746 1412 2799 soeloeatem
1419 2757 1572 2816 exerceant,
1590 2745 1716 2804 adversus
1732 2747 1861 2816 singulos

210 2808 274 2878 stris,
292 2826 351 2881 arg.
368 2809 387 2867 Ι.
406 2813 475 2880 qaod
488 2817 579 2876 librae
598 2811 641 2872 32.
656 2813 692 2888 ff.
708 2815 812 2884 deperit.
833 2813 957 2884 Idemque
973 2824 1023 2883 est,
1055 2831 1110 2870 non
1131 2814 1182 2868 nisi
1201 2829 1249 2883 pro
1265 2825 1325 2869 rata
1341 2823 1426 2936 farte,
1442 2831 1494 2884 qua
1510 2821 1576 2872 socii
1594 2826 1668 2886 sunt,
1685 2811 1758 2898 aiiio
1777 2815 1863 2874 vide·

208 2878 234 2948 'si
253 2897 309 2938 non
328 2879 479 2950 simplicem
496 2903 604 2955 operam
631 2891 677 2946 sed
695 2885 841 2944 artificium
857 2889 943 2941 socius
961 2901 1022 2954 pro·
1053 2898 1098 2942 tur
1116 2882 1225 2948 dandas
1243 2897 1368 2952 exempo
1384 2899 1483 2952 eanum,
1494 2885 1541 2956 qui
1557 2889 1615 2944 sine
1632 2885 1755 2958 magistri
1771 2900 1860 2954 opera

206 2951 312 3008 miserie
330 2951 364 3008 ad
382 2955 538 3014 societatem
549 2955 768 3030 promovendam,
779 2973 836 3030 arg.
848 2954 865 3011 Ι.
877 2954 946 3010 irem*
956 2971 1022 3040 qua·
1055 2969 1151 3010 nauem
1169 2971 1216 3022 per
1233 2969 1261 3010 se
1276 2965 1462 3024 exercuerunt,
1478 2971 1544 3024 quos
1562 2965 1669 3014 tentum
1685 2971 1734 3024 pre
1751 2954 1865 3023 portio-

211 3021 280 3076 ritur
303 3017 342 3077 t3.
360 3016 387 3094 6.
408 3027 432 3078 ri
463 3046 553 3082 emma
571 3027 598 3086 5.
619 3027 636 3084 Ι.
655 3031 680 3085 si
696 3046 794 3084 mercer
813 3025 853 3082 25.
873 3017 899 3097 6.
919 3043 965 3095 qm
982 3044 1024 3079 ce·
1056 3023 1135 3102 nibtq
1150 3023 1324 3080 exercitionis
1348 3025 1549 3084 conveniendos
1562 3041 1638 3096 esse,
1660 3027 1724 3096 quie
1742 3023 1869 3082 invicem

211 3087 337 3146 luinnam
355 3106 379 3161 7.
390 3089 430 3162 ᾖ
444 3046 546 3152 iocari.
564 3093 646 3224 quod
673 3101 702 3156 dc
723 3095 896 3166 Ulpianum,
915 3099 1022 3152 tametsi
1054 3097 1095 3153 sui
1114 3096 1236 3166 magistri
1254 3109 1316 3170 non¹
1339 3092 1482 3151 videntur.
1500 3093 1635 3166 Ulpianus
1652 3094 1785 3165 tradidit,
1801 3095 1822 3150 Ι.
1840 3097 1865 3150 si

214 3158 306 3216 verbis
322 3160 532 3238 obscurioribus,
545 3183 576 3225 ae
589 3167 613 3224 le
631 3181 698 3238 puto
715 3167 847 3224 inicum
864 3161 962 3222 duobus
981 3164 1023 3221 52.
1055 3183 1147 3222 tamen
1164 3163 1192 3234 4.
1207 3159 1288 3236 pnff.
1299 3159 1444 3221 deserete.
1461 3168 1517 3224 ali.
1536 3167 1586 3226 Sin
1598 3165 1685 3236 plures
1693 3169 1759 3222 socii
1777 3179 1868 3247 uuum

140 3243 144 3251 '
211 3219 238 3303 6.
257 3245 348 3287 utrum
364 3231 438 3359 aff.
456 3234 481 3291 b.
500 3253 519 3293 r.
539 3231 605 3295 cum'
618 3233 739 3296 medians
756 3239 790 3296 de
806 3250 854 3307 eo,
873 3241 919 3307 qui
937 3245 1024 3292 artem
1055 3237 1088 3294 de
1106 3251 1155 3292 suo
1174 3249 1303 3303 numero,
1322 3233 1365 3290 vel
1381 3247 1543 3293 extraneum
1560 3237 1722 3306 precipiam,
1738 3235 1891 3294 societate-

212 3315 355 3370 operamve
373 3321 407 3374 po
419 3305 509 3364 licitus
527 3322 577 3374 est,
594 3310 659 3368 dum
669 3325 747 3372 pecus
766 3309 796 3362 in
814 3323 958 3364 commune
978 3322 1025 3374 pa·
1073 3301 1233 3376 refecerint,
1250 3307 1277 3362 dr
1297 3302 1476 3374 iteelegerint
1494 3313 1522 3362 in
1541 3308 1698 3380 magistrum
1714 3305 1867 3389 εοοίεξᾳώ,

149 3422 152 3428 ,
214 3373 353 3434 scendum.
372 3387 419 3432 aut
436 3380 496 3450 agri
514 3377 623 3446 politori
642 3373 755 3452 (fundos
773 3376 938 3435 excolere&
958 3375 1025 3443 poli-
1056 3325 1101 3447 ide
1117 3393 1171 3446 quo
1189 3377 1207 3432 Ι.
1223 3378 1289 3431 item
1306 3375 1429 3455 magistri
1449 3373 1488 3443 ¹4·
1500 3374 1539 3447 ff.
1557 3375 1589 3431 de
1603 3373 1709 3446 narr,
1734 3378 1762 3435 u
1781 3375 1864 3447 bigo-

213 3457 243 3500 te
259 3441 361 3513 solito)
378 3445 436 3502 dati
450 3459 529 3504 erant
549 3449 577 3505 in
605 3465 746 3510 conrnune
763 3449 910 3518 querendis
930 3443 1026 3504 frubii-
1057 3449 1118 3504 nius
1145 3443 1177 3500 de
1196 3447 1303 3515 antinno
1314 3463 1384 3526 pure
1397 3447 1449 3501 civ.
1475 3447 1590 3502 Roman.
1609 3444 1653 3502 lib.
1673 3463 1700 3503 a.
1726 3463 1749 3500 c.
1766 3442 1792 3512 ln.
1806 3457 1862 3528 pest

213 3509 272 3586 bus,
289 3515 339 3584 ait,
356 3519 487 3575 asininum
505 3516 543 3576 ibi
559 3522 644 3576 eriam
661 3519 739 3588 crtlpa
747 3516 896 3588 prestanda
912 3534 960 3588 err,
978 3534 1026 3588 pu·
1056 3513 1139 3587 meri.)
1157 3515 1243 3588 magis
1259 3529 1310 3586 cst,
1323 3525 1357 3571 ut
1375 3517 1562 3582 mandentis
1581 3517 1694 3575 nomine
1711 3533 1742 3573 ac
1761 3526 1866 3598 rotuatu

213 3597 255 3650 ta,
272 3585 370 3652 omnis,
389 3599 518 3662 tanquam
547 3591 609 3660 quid
628 3589 765 3661 singulare
793 3602 886 3659 prater
904 3603 1025 3644 commu·
1056 3583 1230 3654 contrahens,
1248 3583 1404 3662 nonnmodo
1420 3585 1593 3668 semetipsum
1611 3587 1642 3640 in
1658 3585 1776 3666 solidum
1792 3582 1865 3640 oblu-

217 3671 266 3710 nes
285 3656 421 3715 societatis
430 3657 535 3731 regulas
545 3656 704 3728 induiium3
721 3657 814 3717 addita
829 3663 944 3727 ratione,
963 3661 1027 3728 quia
1074 3673 1149 3714 atum
1168 3657 1283 3727 reddat,
1303 3665 1380 3724 Juxta
1397 3653 1415 3708 Ι.
1432 3673 1541 3712 eruant
1557 3655 1603 3727 67.
1619 3671 1662 3726 pr.
1673 3653 1712 3740 ff.
1731 3655 1757 3711 i.
1776 3669 1798 3738 τ.
1816 3652 1864 3711 secl

212 3728 328 3794 pretium
345 3743 423 3796 opem
441 3732 509 3786 artie
527 3746 565 3784 en
584 3727 775 3802 velamentum,
793 3727 844 3785 hoc
862 3741 912 3799 est,
929 3739 959 3785 ut
975 3743 1027 3800 ego
1096 3727 1219 3796 reliquos
1229 3725 1326 3795 socios,
1343 3726 1388 3796 qui
1398 3729 1483 3794 ipsum
1493 3724 1681 3852 ἧΐήεεωηι,
1699 3745 1733 3784 sn
1743 3721 1863 3790 ,solidum

215 3795 361 3870 existimo,
379 3805 442 3870 qula
459 3801 527 3856 artis
545 3796 741 3871 velamentum,
768 3798 897 3857 accedens
923 3817 1027 3868 operae,
1056 3797 1176 3872 singulos
1191 3797 1321 3854 creditori
1334 3799 1492 3880 meletatise
1542 3795 1742 3862 iatobnoxiosr
1756 3811 1790 3852 eo
1806 3811 1867 3850 mo·-

217 3878 270 3938 est,
287 3884 333 3924 seu
351 3881 431 3940 auget
450 3875 563 3938 pretium
573 3887 668 3940 opera,
684 3871 770 3938 adeoq
830 3871 893 3938 quia
911 3871 1027 3940 pretium
1056 3869 1102 3940 do,
1118 3886 1171 3939 quo
1188 3868 1217 3926 br
1235 3865 1324 3936 plures
1341 3882 1439 3924 navem
1456 3867 1538 3925 srmul
1555 3879 1717 3936 exercentes,
1735 3869 1759 3922 sl
1776 3879 1862 3922 unum
1912 3941 1915 3947 Ι

217 3951 302 4004 opera
320 3955 355 3995 ex
373 3955 428 3996 uno
456 3939 541 3998 latere
557 3939 679 4012 collata,
704 3887 873 4006 dumuiitera
899 3955 934 3997 ex
953 3951 1028 4006 parre
1057 3937 1090 3997 de
1107 3953 1221 4018 ntunero
1235 3953 1301 4003 ato,
1328 3935 1371 3993 vel
1387 3949 1548 3998 extraneum
1575 3939 1640 4002 nevi
1657 3940 1865 4022 preposuerlnm

218 4001 319 4063 fundus
336 4007 465 4066 colendus
481 4021 529 4066 aut
547 4027 643 4080 pecora
660 4008 792 4082 pascenda
809 4006 1027 4080 conferebannsr,
1057 4027 1090 4066 ex
1107 4025 1164 4088 etus
1179 4002 1363 4066 marantius
1373 4010 1555 4082 navigationis
1564 4010 1669 4067 intuitu
1684 4009 1760 4064 iners
1777 4023 1805 4062 m
1822 4021 1864 4061 so·

219 4071 271 4128 hoc
289 4075 345 4144 ipso
363 4077 447 4146 pluris
472 4075 542 4150 fuit,
571 4082 599 4141 ἃ
617 4096 707 4140 rerum
724 4077 1028 4148 collatarumutilitati
1059 4079 1143 4138 lidum
1161 4089 1298 4149 tenentur,
1315 4077 1334 4132 Ι.
1356 4093 1379 4134 ι.
1406 4069 1433 4152 6.
1451 4079 1501 4136 ult.
1528 4079 1547 4135 Ι.
1566 4094 1591 4134 a.
1611 4080 1632 4136 Ι.
1646 4081 1672 4136 si
1687 4093 1781 4134 taenea
1797 4067 1869 4160 4.,6.

220 4145 306 4214 magis
324 4147 488 4216 respondens
534 4151 670 4220 quianon
691 4146 1027 4222 nudaopeta,sedattis
1059 4148 1109 4204 rad
1122 4151 1146 4205 si
1159 4149 1244 4217 plum
1266 4166 1288 4204 t.
1313 4143 1353 4221 ᾖ,
1366 4145 1400 4202 da
1415 4151 1522 4207 exercit.
1539 4150 1596 4208 aii.
1618 4159 1668 4206 eut
1703 4146 1774 4204 iures
1788 4163 1868 4202 unrns

217 4213 384 4284 professione
411 4235 443 4276 ac
460 4189 661 4289 poilicitatione
691 4219 797 4278 munita
816 4231 897 4294 atquc
920 4221 1028 4293 velata,
1059 4217 1176 4277 taberne
1193 4217 1299 4278 domini
1316 4233 1350 4276 ex
1369 4221 1501 4288 institoris
1509 4167 1740 4278 conventionibus
1755 4219 1784 4272 in
1803 4215 1870 4273 suli
1930 4243 1941 4268 o

219 4286 441 4346 considerabatur
459 4309 506 4358 per
523 4307 594 4361 eum,
612 4296 656 4364 qui
667 4291 903 4362 pecorapascentla
921 4308 1028 4363 agrum·
1058 4293 1124 4351 dunt
1142 4295 1182 4347 sin
1220 4288 1241 4344 li
1260 4300 1370 4360 possunt
1377 4293 1529 4362 conveniri,
1546 4292 1564 4346 Ι.
1580 4285 1698 4348 sabatae
1720 4283 1759 4344 13.
1778 4279 1804 4360 6
1814 4287 1863 4364 ab.

219 4371 253 4414 te
270 4361 298 4414 ln
318 4373 459 4418 commune
477 4357 626 4420 colendum
640 4356 745 4431 debat,
772 4366 870 4434 quique
888 4377 944 4417 non
962 4357 1028 4419 fuis·
1059 4361 1077 4419 Ι.
1099 4357 1140 4430 td.
1150 4305 1242 4434 sigile
1259 4359 1396 4444 Inte-qil.
1407 4357 1530 4446 idemque
1546 4374 1603 4432 est,
1615 4361 1638 4417 si
1647 4375 1742 4446 ornnes
1759 4357 1868 4427 quidem

218 4442 259 4487 set
277 4427 355 4489 alteri
371 4447 427 4490 rem
446 4447 521 4489 stram
539 4433 567 4486 in
586 4429 957 4490 communencommissunrs
974 4438 1028 4490 uti·
1052 4428 1205 4491 ⁴traiiarint
1221 4435 1361 4488 uocatam
1379 4443 1510 4501 negotia,
1524 4431 1574 4490 sed·
1587 4447 1638 4503 pro
1649 4431 1749 4502 diem,
1766 4445 1868 4511 ceum

218 4497 344 4574 litatem,
362 4503 384 4562 si
403 4503 476 4561 nuda
492 4513 599 4558 tantum
618 4517 698 4570 opera
726 4499 812 4572 qualis
829 4497 918 4573 qualis
936 4497 1029 4560 fuisset
1060 4503 1195 4574 paratim,
1212 4519 1258 4572 per
1276 4513 1368 4571 partes
1386 4512 1434 4555 aut
1450 4503 1574 4575 regiones
1590 4499 1737 4561 distribute
1753 4497 1867 4558 adoraui·

219 4569 254 4627 ab
264 4587 306 4636 ep
323 4573 488 4644 prestanda,
505 4570 660 4644 nullumque
670 4571 801 4646 insignius
820 4585 853 4626 ex
871 4568 1028 4634 artificio&
1060 4573 1211 4630 erratione:
1235 4587 1297 4630 cum
1313 4573 1386 4629 enim
1412 4583 1477 4628 tunc
1494 4569 1597 4646 singuli
1614 4579 1642 4628 in
1660 4565 1802 4641 partibus,
1817 4567 1866 4630 sibi

217 4643 338 4714 peritia,
355 4661 440 4715 opera
457 4637 614 4728 coniun‘dla,
626 4653 755 4712 sperasset
772 4643 909 4710 societatis
924 4659 972 4700 seu
989 4642 1030 4701 lu·
1061 4661 1107 4714 per
1124 4641 1240 4714 reliquos
1257 4648 1342 4700 socios
1359 4639 1549 4714 demandatis,
1568 4642 1622 4700 sibi
1638 4642 1756 4699 invicem
1779 4645 1866 4714 tnagi-

218 4727 258 4784 eri
276 4727 467 4788 augmentum.
488 4711 580 4782 sitque
600 4709 735 4768 rtenulla
753 4725 821 4780 opus
836 4724 876 4769 est
894 4707 973 4784 lnrjus
990 4713 1030 4772 le·
1060 4715 1110 4772 stri
1128 4711 1172 4772 uei
1189 4713 1327 4772 irretitorce
1343 4713 1620 4786 metiantur-,co
1703 4730 1753 4770 ens
1769 4725 1869 4796 esunt

217 4801 258 4868 gn
276 4785 475 4858 emendatione,
486 4777 566 4855 quarn
581 4781 702 4853 plerique
717 4783 794 4838 sarie
812 4791 931 4856 tentant,
948 4785 1030 4841 utvi—
1060 4785 1152 4858 unius,
1168 4797 1299 4853 tanquam
1309 4784 1464 4854 institoris,
1486 4781 1632 4846 contradict
1687 4786 1766 4866 'quas
1778 4799 1868 4866 sn'so·

217 4861 277 4924 deni
308 4865 394 4925 potest
412 4854 484 4925 apud
503 4845 715 4914 Gothofredum·
732 4852 764 4908 ia
779 4865 835 4910 net.
852 4852 893 4908 ad
906 4851 928 4911 Ι.
944 4852 991 4917 52r
1005 4846 1034 4931 6.
1061 4853 1150 4916 lidum
1164 4853 1300 4930 obligari.
1316 4851 1381 4931 Qua
1398 4855 1524 4931 tatione,
1550 4856 1574 4917 ei
1591 4855 1681 4930 piune
1698 4850 1868 4932 vestigalium
