3994 5348
683 203 731 264 De
749 199 901 264 Euidion.
919 199 1069 280 &duple
1086 201 1302 282 stipulatione.
1691 191 1763 266 285

161 291 207 349 'm
218 289 293 349 rarii
312 291 331 348 i.
344 291 368 348 ri
383 287 462 358 iusta
477 301 503 346 2.
518 286 554 360 ff
571 289 597 348 i.
607 293 663 350 t&
683 291 706 346 si
722 307 767 362 prr
785 311 896 347 errorem
912 291 990 348 sim-t
1004 286 1074 358 ffb.
1084 305 1103 345 t.
1116 289 1158 348 vei
1176 291 1266 348 iocum
1281 299 1385 350 emtum
1401 287 1557 364 religiosum
1575 285 1631 348 fieri
1649 305 1738 358 pessus
1756 290 1811 360 sir,

167 361 241 434 piem
256 362 393 432 produpie
411 359 553 428 stipuiotus
563 359 656 418 fuisset
665 377 763 431 emtor,
784 373 878 422 temen
894 359 977 418 euro-
1005 359 1060 414 isi
1075 373 1120 428 per
1137 359 1343 430 imprudentiam
1359 359 1403 416 51.
1420 351 1446 434 5.
1458 363 1481 416 ri
1496 363 1554 432 quir
1572 375 1596 416 2.
1610 355 1647 429 ff.
1658 357 1683 414 i.
1693 375 1713 414 t.
1725 357 1767 415 vei
1785 361 1811 415 ei
1909 393 1912 398 -

167 441 201 489 n‘e
219 449 254 490 ex
271 444 346 489 emto
362 429 475 498 duplum
491 431 619 504 consequi
645 428 786 502 debuerit,
805 431 847 487 vei
864 428 977 500 seiten,
1004 429 1040 486 ed
1056 447 1114 488 rem
1131 432 1340 500 recuperandam
1356 435 1450 503 egenti
1466 429 1575 488 obstent
1592 435 1762 496 exceptiones
1778 445 1811 486 stt

165 513 196 558 ut
213 500 265 559 tibi
282 507 311 557 in
328 501 438 569 duplum
447 502 660 570 promitteretur,
676 499 731 566 di.
741 497 785 558 53.
803 495 828 574 5.
848 496 939 572 eioff.
949 499 975 556 i.
1006 500 1124 568 proprie,
1142 518 1198 558 non
1216 501 1375 571 venditoris,
1391 517 1503 570 persone
1515 498 1640 571 obinde,
1658 498 1731 556 dioc
1742 496 1810 570 juri

157 587 184 626 r.
196 590 251 628 non
269 578 343 644 item,
361 573 384 626 si
401 587 434 628 er
451 583 526 628 certe
544 573 657 627 scientie
676 576 704 628 in
722 569 850 640 simplum
868 583 976 628 tentum
1005 583 1047 641 ²7·
1061 565 1164 638 fflbm.

157 639 303 712 stipuirtro
318 655 447 710 concepte
465 643 577 710 ruisset,
595 657 650 711 erg.
670 638 725 696 dl.
745 637 788 712 57.
807 644 836 696 in
851 653 889 706 pr.
908 642 931 698 ι.
952 643 976 696 ιι
1039 633 1084 694 ὄι.
1105 638 1186 712 Quod
1203 639 1226 696 si
1246 639 1371 698 venditor
1387 651 1497 698 tantum
1506 637 1662 698 vendiderit
1680 642 1809 694 incentori

161 711 221 780 pior
239 709 282 782 74.
293 709 331 780 ff.
342 710 367 769 i.
378 727 397 765 t.
410 710 524 768 interim
542 709 591 766 hai
607 709 694 776 rupte
705 709 909 780 volquedrupie
927 715 975 768 iti·
999 707 1085 778 jueir,
1100 715 1123 765 ti
1140 709 1247 775 quidem
1265 709 1338 766 bona
1356 707 1407 770 fide
1426 709 1455 767 id
1471 711 1565 782 egerit,
1583 707 1648 765 dum
1665 706 1811 766 dubitabat

164 781 315 850 prolationes
331 797 348 835 n
367 780 486 837 moribus
496 785 594 836 nostris
611 779 787 848 eirenesesse,
804 783 842 851 tr,
859 778 974 840 errure-
1005 779 1111 846 quidem
1128 779 1161 836 de
1179 774 1236 846 iure
1253 798 1311 850 suo,
1328 780 1373 837 sed
1391 779 1596 840 certsmsiiens
1615 780 1654 834 rei
1669 783 1810 836 scientiam

162 867 199 908 tre
214 865 315 919 secute,
333 848 471 908 onumen
487 850 585 924 emtori
603 849 633 905 in
651 848 688 925 id,
706 851 800 918 quanti
819 851 975 910 vereinte'r-
1005 863 1036 903 tc
1053 855 1311 909 conscientiemnon
1330 848 1458 920 hebebit,
1474 848 1659 919 deevidiionu
1678 867 1733 916 que
1753 845 1808 904 for-

161 933 212 990 est,
232 924 337 988 reneri,
356 919 481 978 observet
499 917 710 989 Gtoenevegen
728 919 771 975 ed
784 920 802 975 l.
825 914 871 975 δι.
889 914 914 993 4.
932 935 975 976 eo.
1005 929 1033 972 te
1049 917 1219 988 postmodum
1236 933 1327 976 secute
1344 932 1404 988 est,
1423 916 1495 976 haud
1513 932 1641 992 ten-etms
1668 936 1698 973 sc
1719 936 1752 976 ne
1770 921 1805 976 td

160 987 237 1060 Μ
254 987 343 1046 edilis.
362 989 440 1045 cdiii-
457 993 486 1050 dr
503 985 544 1042 ad
558 987 652 1044 rrriric.
655 985 694 1058 ff.
704 988 729 1045 b.
741 1005 760 1044 t.
1006 985 1032 1042 id
1068 991 1166 1056 uidem,
1183 1002 1213 1044 ut
1230 989 1343 1058 pretium
1354 989 1458 1056 reddet,
1474 990 1493 1042 l.
1504 988 1575 1062 quod
1589 992 1612 1044 ri
1628 990 1657 1043 in
1679 1005 1716 1044 ιο.
1736 989 1748 1043 i
1768 1005 1808 1044 ιι.

155 1079 164 1087 ’
198 1073 241 1130 29.
261 1057 476 1138 [λιιιιιιιιιιειιι
494 1056 533 1116 irs
551 1055 688 1126 sidionee,
705 1073 834 1128 tanquam
851 1074 975 1126 persone·
998 1005 1079 1134 ff-de
1095 1056 1180 1113 bmd.
1200 1061 1243 1114 vei
1260 1058 1397 1115 estosed.
1419 1055 1501 1130 Hugo
1518 1057 1632 1118 Grotius
1651 1030 1811 1116 martiar

153 1129 199 1188 'les
225 1134 291 1186 totis
302 1130 421 1200 triginta
440 1129 520 1186 annis
557 1145 612 1194 non
630 1145 647 1182 s
665 1141 783 1196 tempore
800 1128 975 1198 venditionis,
999 1129 1111 1195 ,eusirpn
1122 1125 1192 1184 irari.
1204 1121 1283 1183 isid.
1294 1141 1351 1195 cap.
1364 1127 1491 1197 tinum.
1502 1143 1545 1200 27:
1564 1131 1605 1184 sin
1616 1130 1733 1199 sciverit,
1751 1143 1808 1187 rem

163 1173 209 1256 soci
226 1198 335 1257 demum
352 1215 369 1254 2
387 1167 600 1268 temporebus
617 1195 760 1255 esibiionis
776 1197 974 1266 computandis,
1003 1195 1039 1252 td
1056 1213 1084 1252 se
1101 1213 1156 1252 non
1174 1201 1316 1266 pertinere,
1333 1200 1361 1255 dr
1380 1211 1471 1255 temen
1482 1205 1518 1254 ite
1529 1199 1690 1265 vendiderit,
1708 1214 1742 1254 ex
1761 1199 1810 1274 do·

161 1271 179 1326 i.
191 1273 256 1326 emti
273 1267 344 1326 aiiii
362 1281 405 1324 ot.
416 1269 446 1324 C.
456 1266 481 1323 b.
492 1285 512 1324 r.
525 1263 618 1341 Nesus
628 1279 792 1324 evanescunt
802 1283 835 1326 en
845 1286 878 1326 eo
904 1267 975 1336 quod
1004 1261 1032 1319 io
1049 1283 1098 1322 suo
1115 1283 1170 1321 nuo
1189 1267 1223 1324 ed
1251 1267 1330 1333 pretii
1346 1279 1457 1324 tentrtot
1474 1271 1690 1340 restitutionem,
1718 1269 1809 1326 sed&

162 1339 290 1396 venditor
305 1335 488 1395 eviiiemrem
498 1349 590 1405 postes
606 1334 704 1404 oderis
722 1342 783 1407 quie
801 1309 887 1394 semei
900 1354 973 1394 eom-
1003 1331 1039 1390 ad
1056 1335 1085 1392 id
1103 1335 1175 1402 quod
1193 1339 1305 1394 interest
1323 1341 1351 1393 in
1362 1338 1530 1406 ponsmdoii
1558 1353 1649 1396 secute
1665 1337 1809 1409 eviiiione,

164 1412 244 1466 misse
261 1408 295 1466 de
312 1405 448 1466 eviiiione
466 1407 626 1480 stipulatio,
656 1421 702 1466 eut
720 1419 786 1464 nats
805 1407 840 1465 ed
858 1407 886 1465 id
903 1408 974 1478 quod
1002 1404 1329 1474 dinnastinensem
1347 1424 1441 1464 aurem
1461 1424 1501 1464 12.
1537 1407 1681 1470 ‚debered
1693 1409 1736 1465 oe!
1752 1409 1807 1466 att.

165 1480 277 1536 interest
295 1493 330 1533 ex
348 1490 422 1534 emto
438 1475 520 1549 eiiio,
538 1477 635 1534 resolvi
653 1493 709 1536 non
728 1489 833 1547 potest,
852 1478 869 1531 l.
880 1476 975 1532 baim
1005 1472 1080 1530 vend.
1092 1470 1240 1545 innuit.
1263 1493 1302 1534 ro.
1320 1475 1354 1538 dt
1376 1495 1415 1534 ιι.
1432 1476 1490 1534 eod.
1503 1481 1547 1534 tit.
1566 1477 1700 1535 l.erem:o
1721 1495 1762 1536 ιι.
1781 1473 1807 1558 4.

159 1547 207 1619 57.
226 1551 254 1604 in
266 1546 324 1620 fine
335 1544 371 1617 ff
392 1547 417 1604 b.
437 1563 456 1604 r.
469 1546 552 1616 junii.
572 1548 588 1603 l.
597 1546 747 1620 fidejutrm
771 1547 814 1604 15.
824 1543 861 1616 ff.
872 1543 904 1602 de
921 1545 975 1603 doti
1004 1543 1052 1600 stit.
1062 1548 1091 1598 in
1107 1541 1237 1627 fineffde
1247 1547 1300 1606 adi.
1310 1547 1384 1604 emti.
1395 1543 1518 1622 Quodsi,
1528 1565 1589 1605 cum
1607 1548 1733 1605 venditor
1751 1567 1808 1605 non

159 1618 229 1674 mali
245 1616 280 1678 Θ
298 1633 462 1686 enecassem.
473 1635 505 1674 ec
522 1635 589 1686 sepe
607 1616 713 1674 inutilis
730 1618 758 1672 in
778 1631 913 1688 posterum
933 1637 973 1676 res
1004 1617 1134 1671 incertum
1156 1617 1219 1681 ruris
1236 1622 1286 1685 nsi,
1302 1617 1348 1674 sed
1365 1617 1587 1685 simpliciterrem
1607 1619 1742 1689 venderet,
1761 1635 1809 1674 no

158 1691 256 1746 emtori
275 1684 366 1744 future
375 1701 423 1757 est,
441 1691 505 1747 dum
514 1687 582 1756 sibi,
594 1687 630 1744 ob
648 1687 765 1747 cnidiam
776 1692 846 1756 prius
864 1700 972 1758 emtam,
1003 1685 1128 1743 minutim
1146 1685 1173 1741 id
1190 1688 1292 1758 egerit,
1310 1705 1343 1741 ne
1361 1685 1393 1740 de
1409 1689 1532 1742 evictionis
1550 1705 1690 1751 teneaturs
1718 1686 1806 1750 evitis

157 1761 323 1827 compererit
340 1755 420 1814 elium
449 1775 499 1826 nee
515 1755 620 1818 duabus
636 1756 790 1827 simuiopus
808 1755 899 1828 habet,
917 1775 971 1832 erg.
1002 1771 1040 1822 re,
1058 1769 1112 1808 non
1129 1754 1238 1826 quidem
1254 1755 1283 1812 id
1300 1755 1373 1822 quod
1389 1757 1503 1818 interest
1521 1756 1624 1816 solvere
1632 1758 1810 1826 compellitur,

160 1829 176 1884 i.
190 1834 213 1884 si
229 1830 259 1884 in
275 1828 327 1902 lege
346 1826 389 1895 24.
408 1799 435 1902 5'.
454 1827 602 1896 colonati.
619 1823 752 1898 ffilocati.
1002 1824 1021 1878 i.
1032 1825 1099 1882 emti
1116 1825 1186 1879 aetio
1203 1839 1246 1880 21.
1266 1824 1292 1880 C.
1309 1824 1334 1882 h.
1345 1825 1398 1882 md.
1409 1827 1428 1882 l.
1442 1845 1481 1884 ιιι.
1499 1820 1525 1898 4.
1544 1827 1593 1882 ult.
1603 1831 1632 1884 in
1649 1828 1718 1882 med.
1732 1823 1811 1898 Μ

194 1895 237 1954 30.
255 1897 374 1956 Cessent
392 1911 484 1955 tannen
495 1897 587 1954 multis
605 1902 633 1954 in
651 1895 766 1967 casibus,
784 1909 857 1968 pute,
875 1901 898 1952 si
916 1914 971 1956 non
1002 1909 1055 1949 act.
1073 1897 1159 1964 emti,
1177 1895 1230 1950 nisi
1247 1897 1275 1952 dr
1295 1894 1343 1952 hic
1358 1901 1443 1954 sciens
1462 1897 1581 1957 alienum
1594 1899 1769 1968 vendiderit,
1788 1899 1805 1954 i.

149 1971 194 2024 'sir
220 1964 291 2023 fufio
309 1971 414 2024 auctori
433 1969 489 2024 liris
506 1981 585 2024 motu
603 1967 801 2037 denunciatio,
820 1968 972 2026 secundum
1002 1979 1105 2022 tenetur
1121 1962 1147 2020 6.
1167 1957 1194 2034 5.
1214 1964 1300 2023 ult&
1317 1963 1371 2023 dr.
1387 1985 1428 2024 rr.
1446 1959 1472 2045 5.
1491 1967 1577 2024 nitier
1587 1965 1645 2039 fine
1662 1965 1737 2038 fflde
1754 1983 1806 2026 act.

164 2049 232 2093 onte
248 2035 397 2106 explicati.
416 2036 447 2095 Si
467 2040 500 2095 iis
516 2038 622 2107 quidem
634 2038 779 2124 1rrroto2sed
794 2051 883 2096 emtor
900 2039 972 2096 vice·
1001 2037 1067 2089 emti
1094 2033 1139 2093 sed
1159 2045 1249 2092 temen
1268 2035 1302 2092 ed
1322 2041 1399 2104 pretii
1417 2041 1519 2106 accepti
1538 2037 1739 2094 restitutionem
1757 2035 1806 2092 ob-

159 2110 207 2179 n't,
225 2107 258 2166 de
276 2123 328 2174 uuo
345 2109 426 2164 etism
444 2111 565 2177 superius
581 2106 688 2166 adium.
707 2113 738 2164 ni
756 2127 801 2176 per
820 2108 972 2178 impruden·
1002 2072 1110 2164 sentius
1138 2117 1195 2174 est,
1222 2107 1285 2172 quia
1304 2102 1378 2162 bone
1397 2104 1457 2164 fidei
1476 2107 1632 2166 contraditis
1662 2105 1734 2162 hanc
1752 2123 1808 2163 non

158 2184 224 2234 tiam
241 2189 288 2232 out
324 2195 424 2237 trotem
445 2174 540 2241 iudicis
548 2177 727 2248 mccubuerit,
745 2180 763 2234 l.
773 2180 797 2232 ri
810 2195 855 2250 per
872 2182 971 2248 impssi-
1001 2175 1104 2242 petitur
1120 2179 1348 2244 conventionem,
1374 2189 1404 2232 ut
1421 2190 1509 2238 emtor
1536 2195 1593 2236 rem
1609 2177 1746 2240 emitteret
1781 2178 1809 2234 dt
1854 2181 1858 2190 '

161 2247 285 2302 duriam
304 2195 347 2302 ir.
365 2244 441 2318 peff.
451 2247 476 2305 i.
488 2263 508 2305 t.
518 2248 590 2319 quod
608 2262 700 2304 temen
719 2249 839 2306 moribus
855 2249 907 2315 nis,
922 2249 971 2306 ed·
1002 2245 1260 2314 pretium-venditor
1271 2244 1410 2316 retineret,
1426 2245 1482 2302 dt.
1496 2264 1536 2304 ιι.
1554 2242 1579 2320 5
1591 2248 1679 2304 ιιιιίιιι
1697 2219 1808 2373 ηιεᾸίῇ

139 2317 331 2388 ἰιιιιιειιιιιιιιῃ
350 2335 411 2375 cum
430 2335 478 2386 pro
496 2316 654 2385 rejudicare
675 2320 797 2374 verioris
814 2337 846 2376 ec
865 2314 971 2382 iustitia
1000 2314 1033 2369 de
1050 2330 1102 2370 act.
1112 2317 1186 2386 emti,
1206 2311 1368 2372 Neostadius
1386 2318 1462 2372 curie
1480 2332 1547 2386 supr.
1558 2316 1687 2375 decin6'i.
1705 2319 1766 2377 Con
1779 2339 1809 2377 er

113 2433 116 2448 .
158 2389 309 2468 presumtio
325 2392 372 2460 sit,
390 2391 407 2444 l.
428 2390 574 2464 ingenuum
593 2386 635 2444 25.
651 2382 724 2455 ffide
742 2404 815 2445 statu
833 2385 902 2443 honi.
922 2407 971 2446 nec
1001 2381 1163 2457 Mengiiium
1181 2384 1519 2460 inertissimorum&
1537 2409 1564 2444 n.
1589 2407 1612 2444 r.
1629 2387 1664 2450 (J
1681 2409 1747 2462 seqq.
1758 2395 1809 2446 nisi

158 2459 260 2528 podices
279 2454 361 2514 hodie
378 2457 484 2515 soleant
503 2459 663 2516 iitensusm
682 2454 779 2528 iacere,
798 2455 971 2517 Groeneve-
1000 2467 1086 2515 emtor
1104 2459 1232 2526 scivisset,
1250 2470 1313 2512 rem·
1323 2454 1440 2512 alienam
1457 2475 1531 2525 esse,
1547 2461 1573 2517 u
1591 2471 1681 2517 rumen
1701 2459 1809 2529 podium

156 2545 209 2602 gen
229 2525 269 2582 ad
285 2528 311 2584 d.
322 2529 339 2582 Ι.
353 2526 397 2584 5ι.
409 2529 512 2598 ff.b.t.
523 2530 694 2587 Wesrenetr
711 2527 968 2598 praeesumeret.
1001 2523 1054 2582 trie
1071 2541 1087 2580 e
1106 2523 1247 2582 venditore
1264 2533 1362 2593 apponi
1373 2545 1463 2592 pessus
1479 2539 1567 2594 essets
1584 2546 1645 2586 cum
1663 2532 1701 2584 ita
1719 2535 1808 2587 neuti-

158 2617 234 2655 num.
253 2596 299 2670 44.
328 2596 358 2658 St
376 2611 463 2657 emtor
482 2598 597 2658 necdum
614 2599 809 2657 condemnatus
827 2615 884 2654 rem
901 2601 970 2666 peti·
1000 2611 1079 2664 quam
1097 2591 1132 2649 tib
1149 2593 1205 2649 ulio
1221 2607 1316 2663 ceptus
1334 2595 1418 2654 videri
1436 2605 1528 2666 possit,
1545 2598 1591 2654 sed
1610 2602 1694 2670 magis
1709 2609 1808 2658 semet-

157 2682 213 2725 tam
231 2671 324 2744 sponte
341 2671 500 2738 restituerit,
519 2667 561 2724 rei
570 2668 731 2739 transegerit
750 2668 793 2724 vei
810 2674 970 2739 cornpronri-
1000 2665 1085 2735 ipsum
1105 2664 1245 2736 decepisse,
1262 2675 1309 2721 eur
1320 2664 1414 2722 saitem
1425 2665 1546 2726 habuisse
1555 2669 1634 2737 pretii
1653 2673 1680 2724 in
1700 2683 1809 2727 omnem

157 2740 231 2809 serit,
249 2738 291 2797 vel
311 2736 522 2809 jurisditionem
542 2734 623 2804 iudici
632 2741 825 2808 incompetenti
843 2755 970 2812 proroga·
999 2747 1128 2793 eventum
1146 2734 1268 2792 donandi
1287 2739 1472 2808 propositum,
1489 2755 1546 2812 erg.
1558 2740 1575 2795 i.
1586 2740 1662 2810 cnjus
1677 2755 1721 2809 per
1739 2759 1808 2796 erre

145 2815 240 2881 ‘uerit,
256 2806 813 2880 veiiusiurandumedversariodetuierit,
830 2823 911 2879 etque
931 2813 969 2866 ita
999 2825 1057 2862 rem
1074 2801 1356 2880 53.ffidrreg.jurir.
1585 2831 1589 2838 ·
1643 2849 1645 2856 .
1779 2865 1804 2878 ,-

157 2877 200 2935 vel
217 2876 312 2948 judicis
329 2880 537 2952 incompetentis
554 2877 596 2933 vel
615 2876 711 2934 arbitri
728 2881 864 2942 sententie
883 2899 925 2937 res
942 2884 967 2938 ei
1033 2871 1076 2932 52.
1087 2871 1149 2946 Qua
1158 2885 1299 2950 occasione
1307 2873 1461 2947 generalius
1471 2877 1667 2944 adnotandum,
1675 2883 1746 2946 cunr,
1763 2879 1808 2950 qui
1848 2939 1852 2946 ,

124 2995 126 3000 ,
156 2947 305 3015 obietasit,
321 2949 339 3006 l,
356 2969 407 3004 non
424 2945 634 3015 rainsendim·
650 2947 754 3006 ditium
772 2946 965 3017 56.5.·ricem-
997 2951 1083 3003 sciens
1100 2949 1165 3004 emit
1183 2943 1385 3015 rem'eiienam,
1404 2946 1627 3016 nullamquidem
1645 2949 1677 3006 de
1695 2945 1809 3005 eviiiio-

152 3022 293 3087 promirero
323 3037 345 3076 ι.
364 3015 397 3087 ff.
413 3019 438 3074 b.
450 3021 499 3077 nl.
518 3021 541 3074 ri
558 3021 733 3087 curisquertie
750 3021 829 3144 offic.
843 3019 868 3076 i.
880 3036 967 3090 surg.
1000 3035 1032 3072 ne
1049 3013 1184 3072 abbionem
1203 3013 1300 3073 habere
1318 3015 1352 3072 ad
1362 3017 1390 3073 id
1400 3017 1470 3092 quod
1490 3023 1613 3087 interest,
1632 3021 1654 3081 si
1676 3035 1729 3082 non
1748 3039 1760 3074 s
1781 3037 1809 3076 e-

157 3090 174 3146 l.
186 3091 207 3142 ri
226 3093 338 3144 minores
359 3106 381 3143 r.
388 3085 424 3156 ff
431 3088 462 3143 de
480 3091 573 3144 minse.
596 3087 639 3144 25.
659 3089 751 3158 nardi,-
803 3107 815 3144 ι
856 3090 918 3148 iiius
937 3091 967 3146 de
997 3085 1101 3144 ciiiiter
1118 3085 1170 3146 sibi
1188 3085 1222 3142 de
1238 3087 1373 3140 evictione
1390 3089 1482 3143 enveri
1500 3037 1806 3158 cursvssirdmisia-

154 3161 275 3214 strictior.
303 3174 375 3214 uest.
390 3154 429 3214 15.
442 3176 468 3214 n.
485 3159 821 3230 edurepqdrquerrnttp.
856 3161 968 3217 iemtor
998 3173 1049 3212 tres
1060 3169 1085 3228 7.
1099 3155 1269 3211 Ccornmuo·
1280 3157 1414 3227 utriusque
1416 3156 1531 3228 judicis,
1549 3160 1566 3212 l.
1576 3161 1598 3232 ri
1629 3157 1807 3216 rende-rreum

157 3227 283 3297 vinosa
317 3227 534 3297 enterenditore,
552 3235 610 3282 non
628 3225 812 3297 appellaverit,
822 3241 870 3287 eur
880 3230 967 3299 eppei·
999 3241 1041 3293 27.
1061 3225 1154 3281 Ωιι.
1173 3223 1277 3293 deperi
1292 3225 1395 3281 Celrrrm
1414 3225 1439 3294 4.
1459 3221 1485 3298 4.
1506 3229 1571 3282 irem
1614 3228 1677 3284 ebro
1694 3227 1720 3284 5.
1731 3229 1807 3299 44.·

137 3300 253 3370 ,laverit
271 3301 376 3370 quidem
387 3341 395 3369 ,
405 3299 450 3356 sed
466 3300 617 3360 deseruerit·
631 3296 857 3369 appeliationem:
873 3313 968 3366 contre
998 3295 1050 3351 doli
1069 3296 1137 3350 enati
1152 3294 1186 3356 (rr
1197 3311 1257 3350 met.
1265 3309 1359 3363 except.
1377 3310 1570 3353 verumtamen
1584 3299 1724 3356 scientium
1742 3299 1809 3354 alie·

156 3387 236 3440 quom
265 3371 419 3440 obtineret,
438 3373 468 3424 ‘si
487 3367 579 3428 audior
608 3385 719 3436 presens
737 3367 845 3426 fuisset:
873 3371 969 3438 quippe
999 3385 1037 3422 ne
1055 3370 1094 3422 rei
1114 3367 1142 3419 in
1161 3375 1264 3422 emtore
1275 3381 1337 3422 non
1358 3365 1495 3438 impedire,
1513 3385 1566 3436 quo
1584 3369 1682 3438 minus,
1698 3367 1809 3426 evium

155 3444 200 3497 cui
219 3448 284 3497 time
302 3438 489 3509 uppeiiotionis
497 3435 618 3496 officium
635 3435 770 3494 incumbit
789 3444 810 3493 si
828 3437 965 3507 appelian-
999 3453 1032 3493 ne
1050 3448 1160 3500 secute,
1179 3437 1291 3502 pretium
1306 3434 1378 3506 quod
1395 3435 1469 3492 dedit
1488 3451 1644 3506 recrrpcnets
1672 3455 1732 3496 curn
1752 3441 1805 3494 ini-

154 3511 220 3570 dum
237 3521 320 3581 putet,
336 3511 355 3567 l.
367 3509 516 3586 lincurius
531 3505 576 3566 63.
595 3502 621 3582 5.
635 3525 657 3564 ι.
678 3523 702 3562 2.
715 3499 754 3578 ff
762 3477 787 3564 4
799 3525 817 3564 t.
832 3507 863 3566 Si
879 3523 968 3566 emtor
997 3521 1077 3576 quum
1095 3507 1142 3578 sir,
1161 3505 1330 3562 venditorem
1347 3521 1407 3560 cum
1424 3507 1588 3564 detrimento
1605 3509 1717 3573 emtoris
1736 3508 1808 3566 iocu-

155 3593 340 3656 competentes
356 3579 411 3638 sibi
428 3580 472 3636 vei
489 3577 782 3652 suborienceptiones
809 3595 866 3635 non
878 3595 967 3648 oppo-
999 3574 1104 3644 pletori,
1121 3590 1177 3644 arg.
1189 3576 1206 3630 l.
1219 3577 1268 3633 ult.
1277 3575 1305 3629 C.
1317 3595 1451 3632 commun,
1462 3578 1493 3632 de
1504 3578 1603 3651 lega-tir,
1613 3579 1706 3636 novell.
1717 3595 1741 3650 7.
1751 3596 1807 3649 cap.

156 3656 241 3706 suerit
259 3650 345 3708 eciem
362 3649 614 3719 exnsneo'egenti,
630 3655 710 3724 stoue
727 3649 768 3704 ita
786 3646 967 3716 succubuerit,
998 3649 1060 3716 qnia
1079 3664 1137 3701 vero
1154 3644 1179 3700 5·
1195 3660 1233 3712 pr.
1246 3644 1279 3707 Θ
1316 3691 1320 3701 .
1341 3661 1365 3700 2·
1386 3646 1403 3701 Ι.
1417 3665 1438 3702 1·
1458 3649 1485 3704 c,
1497 3651 1519 3703 ii
1538 3647 1642 3722 vendito,
1657 3650 1757 3736 pigere
1774 3670 1809 3704 as

156 3733 212 3800 arg.
234 3717 250 3772 i.
271 3723 295 3775 ri
311 3717 426 3794 obligata
445 3731 489 3842 ιῗ).
507 3719 524 3774 l.
535 3721 630 3778 emtori
647 3723 733 3774 etiarn
751 3712 794 3770 28.
813 3719 839 3772 G.
861 3719 885 3776 b.
896 3735 916 3774 t.
937 3717 968 3775 Si
993 3731 1084 3788 gatar,
1105 3709 1213 3771 loesius
1229 3713 1270 3769 ad
1306 3715 1369 3769 and.
1390 3715 1414 3771 b.
1425 3733 1529 3774 rmum.
1545 3733 1583 3790 49.
1603 3717 1808 3790 Petenissos.

156 3789 347 3860 possessionem
364 3805 412 3844 sue
427 3789 647 3856 oupaemiserit,
664 3803 724 3852 cum
742 3791 874 3856 potuisset
893 3782 969 3844 iiitn'r
997 3801 1016 3841 t.
1028 3805 1055 3841 n.
1099 3785 1203 3856 esitus,
1216 3805 1260 3839 an.
1272 3785 1314 3843 25.
1331 3784 1493 3859 Csbeiiinus
1510 3787 1540 3843 de
1560 3791 1680 3846 eviliion.
1691 3785 1715 3862 4.
1736 3790 1760 3846 5.
1781 3815 1806 3858 n,

156 3861 290 3928 retinere,
307 3875 340 3913 ec
359 3871 449 3926 postes
476 3873 559 3928 egens
576 3859 730 3924 temperare
757 3871 817 3912 non·
831 3859 968 3928 potuerit,
997 3851 1040 3922 32.
1082 3856 1184 3912 ienim
1200 3859 1231 3925 is,
1249 3861 1293 3924 qui
1311 3873 1367 3910 rem
1383 3856 1609 3928 eccieuasticem,
1626 3859 1739 3916 alienari
1753 3861 1806 3929 'pes

153 3933 219 3988 dum
237 3926 526 3995 forteterminierenr,
543 3924 703 3995 quibusrem
715 3925 833 3984 retinere
850 3926 967 3998 quidem,
998 3924 1067 3999 ieges
1085 3929 1218 3995 vetitam,
1237 3927 1327 3982 sciens
1345 3928 1410 3982 enit
1430 3943 1475 3988 eut
1494 3946 1527 3985 stt
1545 3927 1742 3994 permutatione
1760 3951 1806 3988 ec-

138 4012 181 4058 'at
192 4017 246 4055 non
264 3997 372 4055 utiliter
381 4009 471 4066 puers
482 3994 538 4066 jure
547 4001 717 4064 pennittunt,
736 3999 754 4050 l.
765 4001 789 4051 ri
799 4015 866 4067 rem,
884 4017 967 4068 quam
997 4001 1067 4064 cepit
1085 3993 1121 4050 eb
1138 4009 1296 4066 oeconomo,
1315 4001 1428 4063 pretium
1445 3997 1481 4054 ob
1497 4013 1636 4054 ceconomo
1653 4017 1808 4068 recuperare

138 4085 195 4144 '²9⁴
215 4064 241 4140 4.
266 4086 287 4124 ι.
299 4065 336 4141 ff.
348 4066 372 4124 i.
383 4069 436 4124 nsi
453 4083 516 4124 curn
535 4066 661 4123 uenditor
678 4067 967 4138 admonuissetuemto-
997 4071 1099 4134 possits
1117 4071 1140 4122 si
1159 4065 1202 4133 is,
1219 4067 1264 4132 qui
1280 4067 1367 4124 sciens
1384 4081 1440 4122 rem
1458 4069 1624 4124 restitutioni
1641 4067 1808 4143 obnoxium,

135 4153 233 4207 'rems
251 4152 282 4196 ut
299 4149 374 4196 certi
392 4149 484 4210 egeret
495 4132 603 4193 surore
621 4135 656 4192 ud
674 4149 730 4192 rem
748 4142 872 4192 emissem
891 4155 966 4194 recu·
997 4139 1134 4204 utqueite
1151 4151 1170 4190 u
1185 4145 1316 4192 testeture
1338 4133 1456 4195 strenui
1475 4135 1656 4208 prohibitam,
1675 4141 1763 4194 sciens
1779 4161 1807 4198 e-

149 4209 305 4283 petendam,
323 4207 546 4268 enroridfacere
564 4207 752 4278 supersederit,
761 4201 779 4262 Ι.
790 4210 815 4261 si
831 4225 892 4266 cum
904 4227 967 4264 oen·
998 4207 1058 4278 mit,
1076 4203 1169 4260 abiete
1187 4221 1214 4259 re
1233 4207 1346 4272 pretium
1363 4223 1379 4260 a
1398 4207 1539 4265 venditore
1557 4205 1612 4274 iure
1631 4221 1770 4277 reposcats
1788 4216 1810 4269 si

114 4343 115 4346 Ἴ
151 4282 221 4338 ditor
237 4277 281 4338 66.
298 4276 331 4348 ffi
341 4280 365 4336 i.
379 4295 399 4334 t.
413 4285 436 4334 si
453 4275 541 4335 nuos
558 4277 673 4345 quidem·
684 4276 720 4332 sit
737 4287 836 4348 emtor,
852 4275 899 4332 sed
918 4293 978 4338 etr-¹
999 4275 1123 4346 denique
1132 4275 1250 4344 pignoris
1266 4288 1363 4345 emtor,
1380 4277 1427 4346 qui
1446 4277 1473 4331 in
1485 4274 1664 4346 prejudicium
1681 4277 1811 4337 debitoris

137 4345 260 4426 'tequam
279 4369 318 4408 res
334 4353 361 4407 ei
379 4347 550 4411 inferretur,
577 4359 674 4404 ructor
692 4345 747 4404 litis
764 4347 969 4404 estimationem
998 4363 1060 4402 cum
1078 4345 1209 4402 creditore
1226 4345 1334 4402 coiiusit
1350 4345 1416 4402 doio
1433 4346 1522 4416 meio,-
1541 4348 1658 4415 pretium
1676 4349 1808 4422 recipior,

151 4424 289 4482 evincenti
307 4422 479 4490 prestiteris,
498 4419 558 4475 sive
573 4417 641 4478 esses·
658 4414 694 4472 ib
711 4429 815 4474 erntoee
832 4433 898 4471 cons
912 4417 966 4473 itu-
1000 4412 1039 4470 ibi
1057 4434 1098 4473 ree
1113 4419 1139 4471 ei
1156 4420 1183 4470 in
1202 4413 1349 4470 subsidium
1368 4412 1508 4484 aufertor3
1527 4417 1673 4476 seeundum
1690 4418 1715 4470 d.
1727 4419 1798 4494 leges:

152 4509 196 4553 tus
223 4498 252 4548 in
272 4507 327 4546 rem
344 4506 421 4547 nram
439 4498 613 4560 procurator,
630 4488 693 4559 ,tsi
710 4505 800 4556 rernm
828 4501 870 4540 21.
889 4429 914 4614 5.
934 4485 967 4546 ds·
989 4486 1071 4540 ‘tutio
1089 4503 1145 4540 nnn
1164 4495 1223 4550 est,
1239 4501 1290 4539 (ιιι
1308 4501 1363 4538 non
1382 4503 1462 4556 aeque,
1480 4486 1536 4542 imo
1554 4485 1633 4558 longe
1652 4489 1755 4559 magis,
1775 4491 1807 4557 is,
1843 4529 1846 4535 ,

148 4565 213 4622 ider
226 4581 252 4618 2.
269 4557 338 4631 ffih.
349 4579 368 4616 t.
378 4562 435 4618 sive
453 4575 519 4627 non,
537 4575 594 4630 urg.
615 4555 631 4612 i,
642 4556 742 4613 evium
760 4573 852 4615 autem
870 4549 887 4608 5
909 4598 914 4608 .
926 4554 964 4622 ff.
995 4563 1039 4626 qui
1059 4557 1148 4612 sciens
1165 4571 1221 4608 rem
1239 4554 1358 4610 eiienem
1382 4556 1572 4625 comparavit,
1589 4557 1682 4613 eodem
1698 4560 1807 4631 evicti,

148 4633 205 4692 ier.
220 4632 250 4691 st
268 4637 365 4700 emtor,
382 4633 587 4696 commeruisset
603 4641 662 4685 rem
679 4643 830 4695 mucepese,
848 4634 903 4682 non¹
921 4647 964 4683 ce·
997 4627 1077 4694 pretii
1097 4623 1206 4692 haberer
1224 4630 1427 4704 repetitionem:
1447 4630 1591 4695 presertim
1607 4627 1629 4682 si
1647 4628 1809 4710 consideres,

149 4707 231 4776 perit,
249 4706 277 4761 δι
293 4701 331 4760 ob
349 4701 378 4758 id
397 4719 439 4758 res
456 4696 544 4756 suite
562 4699 617 4765 sit,
635 4697 687 4753 iri
703 4693 807 4756 dietum
826 4691 868 4750 56-
884 4689 923 4822 4.
943 4699 965 4751 ιι
996 4711 1105 4764 peccare
1122 4707 1307 4766 eos,1qut·rem
1317 4690 1451 4765 Ecclesis,
1468 4706 1517 4752 out
1536 4694 1739 4753 fideicommisso
1756 4700 1806 4755 ob·

148 4782 213 4838 ium
230 4768 256 4832 δ’.
269 4774 307 4850 ff
316 4771 372 4830 itt.
383 4771 424 4830 vei
442 4787 498 4826 rem
516 4787 565 4840 pro
582 4764 709 4826 der-eiius
728 4765 865 4837 imbuerit,
895 4765 979 4836 :ulmi
994 4767 1116 4840 nortiam,
1132 4761 1185 4820 sibi
1199 4767 1336 4836 acquirere
1353 4763 1471 4838 student,
1489 4767 1516 4828 dr
1535 4782 1612 4833 poetrt
1621 4765 1717 4840 dignos
1735 4789 1808 4842 esses·
