4026 5360
269 158 276 190 .

229 219 340 326 'm
555 243 566 250 ’
825 195 1190 306 ⁴'marcanesca

219 323 262 385 lta
280 328 342 387 solis
359 323 545 390 uniuersitatis
553 325 819 391 administratoribus
836 329 904 391 illud
922 326 963 401 y’us
981 332 1028 390 de·
1058 335 1167 403 negotia
1184 327 1378 400 universitatis,
1390 329 1413 386 si
1432 345 1478 399 per
1495 325 1653 398 omniaeius
1671 329 1792 391 membra
1810 347 1872 392 trau

220 401 374 470 negandum
391 403 456 474 esse,
473 406 576 471 quoties
602 403 636 460 de
652 401 832 460 membrorum
859 402 1029 476 singulorum
1057 401 1215 466 tierenturc
1232 399 1299 458 dum
1317 417 1401 471 prona
1418 401 1453 456 ad
1469 400 1686 458 dissentiendum
1710 417 1750 460 est
1779 403 1871 460 homi-

219 485 327 528 assensu
338 489 426 530 nona
447 487 532 545 paret,
542 490 597 530 non
616 475 675 530 sine
689 474 796 531 ratione
813 474 957 534 contendit
967 471 1027 532 An·
1059 487 1123 528 num
1141 471 1254 542 indoles,
1272 488 1304 528 ac
1320 468 1488 543 plerumque,
1506 483 1572 543 quot
1589 473 1698 542 capita,
1716 485 1759 530 tot
1777 488 1869 535 sensis

219 539 296 598 dress
307 537 392 614 Gayl.
410 489 569 600 eiuncescit
587 545 691 613 imperii
707 557 762 612 cup.
781 553 806 615 9.
825 541 888 600 nti.
907 562 941 601 eo
958 543 1027 612 quod
1057 547 1203 614 variantes,
1220 557 1278 614 arg.
1297 542 1315 598 Ι.
1335 545 1400 612 quia
1415 555 1517 612 poterat
1535 539 1560 610 4.
1571 540 1610 614 ff.
1629 543 1670 598 cd
1684 544 1867 604 Senatuucnr.

220 607 340 680 obligare
357 629 483 682 personas
509 611 644 687 singulas,
663 631 719 670 non
736 615 846 684 respicit
876 614 1027 686 plerumque
1057 609 1168 669 reeicit.

221 679 376 751 utilitatem,¹
395 681 550 752 publicamy
573 702 659 756 neque
685 681 811 753 Princeps
828 701 915 754 neque
941 685 1027 808 022ῗί-
1090 681 1118 740 6.
1137 681 1217 739 nlius
1235 692 1327 754 proter
1344 679 1464 740 adiutem
1480 683 1667 743 universitatis
1685 686 1795 742 nonrine
1820 698 1868 744 er-

218 765 318 810 stratus
327 771 411 828 neque
431 753 578 826 respublica
594 766 671 812 extra
688 755 794 814 samin
813 751 892 812 bonis
908 753 986 827 singu
998 771 1027 816 a·
1056 753 1135 818 periri
1154 755 1258 822 aequin
1274 754 1312 810 sic
1330 766 1361 810 ut
1379 751 1513 815 aiilonem
1531 767 1661 821 moveret.
1676 755 1694 810 Ι.
1713 755 1783 813 nulli
1796 751 1822 815 5.
1829 753 1870 828 ffl

187 885 191 896 ,
217 823 287 884 rium
297 839 470 896 personarum
488 827 629 900 quicquam
647 825 711 896 iuris
726 822 808 884 habet
826 822 965 897 auitoque
974 825 1027 878 mi·
1056 821 1081 878 b.
1099 839 1120 880 c.
1137 823 1260 890 quamvis
1278 825 1479 880 universitatem
1497 826 1555 882 sine
1572 827 1703 883 mandato
1721 823 1866 886 defendere

221 911 271 952 nus
289 895 497 954 universitatum
523 896 768 958 administratores.
815 895 849 961 isi
875 901 1027 954 inveterata
1056 898 1232 966 unusquisque
1250 900 1343 964 possit,
1359 895 1384 949 si
1402 896 1483 952 modo
1501 907 1608 964 prestat
1619 897 1774 954 cautionem
1795 895 1868 966 iudi-

219 965 422 1035 consuetudine,
438 961 543 1024 civibus
561 963 632 1024 haud
659 965 927 1036 contradicentibus,
950 963 1028 1022 illam
1055 975 1146 1021 catum
1163 967 1253 1032 solvis
1269 981 1302 1022 eo
1320 964 1392 1037 quod
1409 963 1530 1034 alioquin
1539 977 1635 1036 praeter
1648 979 1758 1040 agentes
1775 971 1868 1026 mitte-

218 1031 361 1108 obiigandi
379 1048 539 1106 potestatem
556 1037 726 1122 magistratui
743 1037 1027 1104 universitaruacqru-
1056 1045 1098 1092 ret
1117 1037 1146 1088 in
1164 1037 1359 1104 possessionem
1382 1031 1514 1092 bonorum
1536 1037 1656 1106 corporis
1684 1035 1774 1104 illius,
1797 1040 1868 1107 quod

217 1107 302 1162 sitam
320 1103 409 1176 fuisse,
429 1109 456 1161 in
475 1119 568 1178 aperto
584 1118 629 1162 sit.
649 1105 702 1164 Sed
720 1109 742 1162 si
760 1109 791 1165 in
814 1109 918 1166 civium
934 1109 975 1164 sin
1017 1135 1026 1145 ·
1057 1122 1112 1162 non
1130 1102 1295 1176 defenditur,
1312 1123 1343 1162 ac
1362 1105 1474 1171 tandem
1488 1109 1572 1166 etiam
1589 1124 1622 1163 ea
1640 1104 1742 1177 jarberet
1760 1111 1867 1180 venire,

220 1174 306 1233 lorum
323 1175 492 1248 obligatione
510 1173 652 1234 manifesta
669 1189 797 1247 appareat
815 1175 920 1237 utilitas
938 1123 1026 1248 puili-
1056 1174 1075 1229 Ι.
1099 1195 1122 1232 2.
1141 1167 1168 1248 5.
1184 1191 1243 1246 pen.
1262 1175 1296 1238 tii
1316 1175 1364 1233 ult.
1376 1170 1414 1244 ffi
1430 1175 1456 1232 b.
1476 1193 1496 1234 c.
1521 1181 1560 1234 sic
1588 1189 1618 1234 ut
1645 1182 1731 1245 primo
1757 1179 1869 1248 quidem

218 1266 261 1317 ca,
279 1266 336 1302 non
354 1245 477 1318 dubium,
495 1251 561 1321 quin
578 1245 704 1319 Princeps
723 1245 780 1320 jure
804 1244 951 1318 nujutatts
967 1251 1026 1306 sin·
1056 1245 1180 1318 mobilia,
1197 1247 1261 1304 dein
1281 1242 1440 1317 immobilia,
1457 1264 1489 1303 ac
1507 1248 1550 1306 his
1567 1266 1671 1320 quoque
1679 1245 1869 1324 deficientibus

219 1319 344 1389 gulosum
362 1335 487 1388 personas
504 1338 535 1377 ac
558 1316 630 1378 bona
657 1323 740 1390 possit
768 1336 816 1388 pro
843 1319 1027 1376 universitatis
1056 1315 1098 1374 vel
1117 1335 1173 1376 non
1190 1313 1399 1390 uticentibus,
1414 1319 1526 1375 tandem
1544 1317 1724 1387 incorporalia
1742 1335 1812 1391 rura,
1839 1324 1868 1381 dr

221 1388 315 1448 debito
332 1387 467 1446 obnoxias
486 1389 605 1462 reddere,
640 1407 675 1448 uo
692 1388 821 1449 utilitatis
845 1386 1028 1448 fundamento
1055 1387 1161 1445 eredita
1176 1387 1373 1454 universitatis,
1389 1385 1564 1448 distrahenda
1591 1385 1690 1458 forent,
1717 1407 1751 1445 eo
1777 1393 1868 1463 modo,

218 1463 327 1530 nititur,
346 1461 418 1528 quod
435 1477 484 1532 pro
499 1459 587 1518 tribus
630 1462 721 1534 vitati,
739 1463 809 1534 vico,
827 1474 895 1533 pago
916 1462 955 1516 irn
1003 1461 1026 1512 i·
1055 1475 1109 1530 quo
1128 1457 1156 1516 id
1173 1459 1203 1514 in
1222 1459 1335 1530 privatis
1351 1453 1522 1517 debitoribus
1538 1461 1716 1516 constitutum
1730 1461 1809 1532 esai
1829 1483 1868 1518 un

218 1534 265 1600 tis,
281 1546 312 1584 ac
330 1546 377 1586 sua
394 1531 439 1590 die
456 1547 512 1588 non
530 1530 634 1603 solutis,
650 1537 722 1591 cives
739 1533 767 1590 &
786 1530 889 1589 incolas
903 1548 935 1587 ac
954 1478 1026 1589 iiia
1055 1531 1176 1588 civitam
1194 1523 1222 1585 a
1232 1525 1270 1602 ff.
1288 1525 1313 1584 b.
1332 1545 1353 1585 t.
1372 1528 1391 1584 Ι.
1409 1547 1428 1583 a
1446 1529 1582 1588 Dioclis
1605 1527 1644 1587 15.
1663 1528 1701 1596 ff.
1730 1532 1757 1586 in
1775 1530 1870 1589 vendi-

218 1615 313 1657 eorum
329 1601 445 1662 detineri
458 1599 623 1674 distrahique
640 1621 686 1672 per
696 1599 876 1660 Hollandiam
892 1603 1028 1661 sancitum
1056 1603 1125 1657 sicne
1143 1615 1168 1656 2.
1179 1595 1218 1671 ff.
1238 1600 1271 1656 dc
1289 1619 1316 1656 re
1327 1597 1467 1672 judicata.

217 1685 257 1728 est
273 1669 370 1741 placito
388 1667 482 1728 Ordin.
494 1673 563 1730 Holl.
582 1673 632 1729 ult.
644 1673 744 1731 Marcii
764 1667 838 1730 1588.
855 1689 918 1730 cum
935 1671 1028 1743 idjam
1092 1685 1118 1740 7.
1137 1669 1253 1730 Creatur
1270 1671 1396 1740 syndicus
1414 1670 1491 1728 vela
1512 1670 1578 1744 lege,
1595 1671 1660 1730 dum
1678 1669 1720 1730 leu
1747 1675 1864 1731 munici-

218 1755 284 1798 ante
301 1741 410 1800 decreto
428 1742 543 1800 Comitis
569 1739 693 1814 Lycestr.
720 1738 797 1799 Holl.
827 1741 1027 1805 Gubernatoris
1056 1741 1124 1812 palis
1140 1752 1246 1801 certum
1254 1741 1413 1822 ⁸dessignavit
1425 1742 1559 1815 ordinem,
1568 1753 1607 1814 ut,
1618 1741 1694 1801 verbi
1712 1744 1867 1816 gratia‚vel

217 1814 397 1871 constitutum
414 1826 483 1872 esset
501 1810 535 1871 23
552 1813 654 1872 Marcii
674 1808 750 1874 1536.
768 1813 847 1876 adde
863 1815 905 1872 cic.
923 1813 956 1871 dc
974 1815 1026 1876 ub.
1056 1816 1172 1872 seniores
1190 1811 1233 1869 vel
1251 1813 1369 1880 puniores
1386 1827 1422 1868 ex
1439 1815 1535 1872 ordine
1551 1813 1863 1874 decuriorumtradient

220 1882 289 1940 eud.
1056 1885 1241 1942 universitatis
1257 1898 1362 1954 carsms,
1380 1882 1398 1938 Ι.
1417 1883 1487 1939 nulli
1495 1878 1522 1938 5.
1537 1879 1572 1950 ff.
1580 1882 1605 1938 b.
1625 1901 1644 1941 c.
1660 1903 1696 1942 eo
1709 1886 1799 1958 modo,
1810 1905 1866 1958 quo
1893 1889 1895 1894 ’

253 1953 278 2012 5.
297 1949 343 2012 Ad
360 1953 462 2014 Causas
478 1955 664 2014 universitatis
680 1954 798 2027 agendas
813 1955 945 2015 consini
962 1957 1027 2016 soli-
1056 1957 1084 2013 dr
1104 1957 1132 2011 in
1152 1951 1333 2025 legationibus
1349 1950 1480 2012 obeundis
1497 1953 1564 2012 ordo
1582 1958 1747 2025 prascriptus
1764 1953 1825 2028 fuit,
1844 1958 1862 2014 Ι.
1943 2001 1953 2012 .

218 2037 262 2082 tus
280 2021 332 2082 suit
350 2026 478 2098 syndicus
495 2033 687 2099 universitatis,
704 2027 725 2085 Ι.
743 2029 810 2084 itm
826 2026 852 2086 6.
856 2022 890 2156 5
910 2032 934 2085 ci
950 2027 1028 2087 decu
1057 2023 1192 2084 sciendum
1209 2022 1236 2094 5.
1255 2017 1283 2110 5.
1302 2021 1392 2083 ordine
1409 2022 1434 2080 5.
1444 2020 1488 2094 ff?
1503 2023 1534 2079 dc
1562 2025 1697 2150 ‘'im''
1720 2025 1780 2098 vel,
1807 2027 1870 2099 lege·

217 2099 301 2154 rienes
323 2113 345 2152 2.
364 2099 393 2153 in
398 2093 462 2180 fine
477 2095 512 2168 ff.
528 2098 553 2157 b.
571 2116 590 2156 c.
609 2101 627 2156 Ι.
644 2119 786 2158 muncrum
803 2101 924 2157 ciuiium
945 2095 984 2156 rii
1002 2097 1030 2173 5.
1057 2108 1188 2168 cessante,
1206 2093 1300 2153 ordine
1317 2094 1504 2166 decurionum,
1520 2096 1544 2152 si
1564 2101 1625 2154 tais
1642 2099 1708 2154 ordo
1733 2100 1864 2157 universi·

218 2162 423 2240 2125220202).
464 2167 521 2222 .de
538 2167 666 2228 micuerib.
694 2167 729 2232 (a
755 2167 910 2241 bonoribus,
927 2170 1028 2239 qun&
1059 2169 1110 2224 tati
1128 2168 1226 2237 presit,
1242 2164 1269 2222 d.
1287 2166 1306 2222 l.
1325 2161 1351 2221 5.
1362 2161 1401 2236 ff.
1420 2163 1479 2221 b.t.
1498 2165 1620 2236 alioquin
1639 2185 1655 2224 a
1672 2166 1782 2242 singulis
1799 2172 1864 2227 uni-

218 2237 436 2296 universitatisa
466 2257 506 2309 or,
522 2237 541 2296 Ι.
560 2243 624 2297 ium
641 2236 670 2297 6.
682 2233 708 2314 5.
726 2256 751 2297 a.
769 2235 795 2296 5.
799 2236 839 2311 ff.
856 2240 880 2298 b.
899 2255 921 2296 t.
940 2243 968 2299 dt
984 2259 1029 2300 ec·
1058 2239 1192 2296 versitatis
1209 2234 1337 2294 membris
1353 2253 1398 2294 seu
1415 2237 1605 2308 municipibus,
1619 2255 1676 2310 arg.
1694 2240 1713 2296 Ι.
1732 2243 1756 2295 ci
1774 2245 1864 2298 muni·

217 2311 302 2435 gicus,
319 2308 337 2364 Ι.
356 2312 490 2367 sancimus
508 2311 537 2366 in
559 2307 602 2367 3o
621 2312 649 2366 C.
677 2311 709 2367 dc
726 2315 831 2380 episcop.
860 2307 979 2368 audient.
1000 2316 1028 2372 &
1058 2311 1124 2378 cipes
1141 2323 1166 2364 2.
1183 2304 1217 2377 ff.
1236 2306 1262 2364 i.
1282 2321 1303 2362 t.
1321 2303 1364 2363 vel
1380 2307 1464 2366 etiam
1477 2305 1513 2363 ab
1528 2325 1571 2376 eo,
1587 2309 1632 2366 cui
1651 2322 1724 2368 totus
1741 2311 1808 2369 ordo
1816 2324 1864 2370 aut

238 2374 343 2435 efensor
361 2378 555 2452 appellarunt.
574 2381 855 2441 munerumciuilium
878 2378 920 2437 a‘i.
938 2375 964 2456 5.
982 2381 1027 2440 dc-
1057 2381 1206 2448 municipes
1223 2379 1354 2438 dederunt
1371 2378 1490 2507 eiiffii
1507 2390 1685 2448 potestatemy
1702 2397 1764 2438 cum
1792 2385 1860 2442 &is

212 2445 332 2522 fenum
351 2445 395 2505 25.
407 2447 446 2519 ff.
462 2449 495 2506 du
514 2470 614 2509 uuus.
633 2448 667 2514 iu
685 2451 796 2510 bonorib.
824 2455 1029 2524 &procurator
1058 2449 1182 2508 videatur
1200 2448 1235 2506 ab
1253 2448 1385 2505 universis
1400 2469 1416 2507 e
1486 2467 1508 2519 s,
1524 2453 1570 2522 qui
1587 2449 1623 2505 ab
1647 2469 1680 2507 eo
1695 2453 1859 2510 constitutus

219 2518 413 2591 universitatis,
431 2525 558 2590 precipue
574 2523 598 2579 si
620 2527 775 2583 monasterii
792 2519 868 2580 adior
894 2523 941 2595 sit,
967 2543 1030 2583 nco.
1056 2534 1107 2593 est,
1125 2526 1169 2578 cui
1185 2520 1252 2578 ordo
1269 2523 1408 2590 negotium
1424 2519 1461 2576 eli
1479 2520 1543 2577 endi
1560 2519 1745 2593 demandavit,
1763 2522 1781 2580 Ι.
1800 2526 1864 2580 iem

175 2649 179 2654 ,
221 2585 281 2647 225.
300 2607 357 2660 cap.
376 2593 537 2663 siquando,
561 2609 606 2667 ²7·
632 2591 726 2665 quales
750 2593 835 2652 etiam
861 2596 1028 2662 apocrisiarii
1056 2591 1083 2649 6.
1102 2590 1140 2661 5.
1159 2594 1184 2646 ci
1199 2589 1347 2648 decuriones
1369 2589 1439 2716 1.)ss
1478 2605 1515 2644 .c.
1535 2610 1566 2646 ca
1585 2631 1591 2644 .
1609 2610 1671 2646 cum
1689 2595 1718 2648 in
1727 2597 1810 2650 uteri
1819 2591 1861 2651 52.

218 2661 296 2733 diets,
312 2681 371 2718 nou.
394 2659 452 2719 225.
471 2679 529 2734 cap.
538 2662 751 2724 reverendissimi
760 2662 806 2723 25.
822 2662 914 2722 noveii.
925 2662 952 2722 6.
971 2682 1026 2736 cup.
1057 2679 1141 2733 cetea,
1158 2661 1191 2716 dc
1207 2659 1329 2718 ciciliano
1345 2659 1379 2722 a&
1396 2681 1411 2714 c
1434 2661 1472 2718 cii
1484 2656 1647 2732 pccccaQua
1664 2677 1757 2720 auteur
1776 2662 1864 2722 forma

220 2729 255 2794 io·
273 2731 345 2790 illud
358 2747 383 2790 a.
401 2736 430 2794 dr
448 2735 611 2818 responsarii
627 2734 721 2796 dnuv.
746 2730 804 2791 225.
823 2737 915 2805 capsi
933 2754 1027 2794 mona-
1056 2731 1279 2791 conscribendum
1295 2731 1332 2788 sit
1350 2736 1561 2788 instrumentum
1578 2733 1776 2806 mandati,quo
1793 2755 1862 2808 syn.

220 2802 283 2859 chus
301 2801 345 2872 42.
364 2824 423 2861 nco.
446 2799 569 2875 252220.
589 2821 683 2876 operm
701 2805 727 2863 5.
746 2801 807 2864 Noc
824 2817 931 2862 tantum
949 2807 978 2864 in
987 2809 1027 2862 ci·
1056 2805 1131 2864 dicus
1147 2804 1325 2861 constituitur
1351 2818 1441 2872 quasve
1459 2803 1488 2858 in
1506 2821 1541 2860 eo
1566 2803 1738 2873 exprimenda
1755 2807 1812 2864 sint
1830 2826 1863 2866 ac

219 2871 329 2944 vilibus,
346 2875 392 2932 sed
410 2878 438 2940 d<
455 2875 642 2934 criminalibus
650 2879 737 2934 causis
753 2877 912 2947 intervenit,
922 2879 1027 2949 quoties
1055 2841 1659 2944 observanda,videxilesembectumpcutut
1671 2872 1709 2946 ff.
1717 2875 1742 2932 b.
1758 2891 1776 2932 2.
1787 2897 1862 2935 num.

219 2945 394 3011 universitati
411 2947 515 3004 crimen
533 2948 708 3020 impingitur:
727 2946 790 3006 licet
807 2951 882 3012 euim
906 2964 954 3018 pro
971 2949 1027 3019 pri·
1057 2960 1081 3016 7.
1098 2945 1230 3004 Ceterum
1248 2945 1351 3015 quoties
1368 2942 1443 3002 ocior
1459 2945 1663 3003 constituendus
1680 2959 1731 3018 est,
1747 2951 1861 3018 requisi-

223 3017 293 3072 varis
312 3018 342 3070 in
360 3016 474 3074 crimine
492 3034 548 3077 non
566 3020 619 3075 nisi
636 3017 685 3074 sub
703 3014 933 3092 dictiniiionibus,
944 3019 1027 3080 titulo
1055 3029 1114 3074 tum
1131 3016 1287 3088 quiiem,ut
1303 3029 1407 3087 omnes,
1425 3014 1520 3085 quibus
1537 3014 1704 3090 strflragiijus
1721 3023 1861 3093 competit,

219 3086 378 3152 precedenti
395 3089 513 3152 traditis.
530 3099 688 3156 procurator
713 3089 1006 3157 admittatury'taamn
1016 3131 1026 3162 ,
1057 3089 1146 3144 vocati
1163 3093 1230 3157 sint,
1247 3103 1307 3160 arg.
1323 3086 1344 3142 Ι.
1361 3083 1498 3148 obseruare
1514 3103 1540 3145 2.
1559 3087 1587 3143 C.
1615 3088 1645 3142 dc
1664 3087 1860 3162 decurionibus,

219 3159 282 3227 quia
301 3158 461 3224 universitas
473 3157 533 3217 fieta
551 3170 660 3218 tantum
672 3177 786 3230 persona
802 3171 852 3232 est,
863 3177 912 3216 nec
928 3179 958 3220 se
966 3174 1027 3220 tue·
1054 3158 1160 3214 etiamsi
1179 3156 1221 3215 vel
1239 3158 1410 3216 minoreunes
1426 3171 1533 3232 essent,
1551 3157 1593 3214 vel
1612 3155 1742 3230 tierninae,
1760 3169 1871 3230 quoties-

220 3228 245 3281 ri
264 3234 358 3295 potest.
375 3244 409 3284 ex
427 3233 587 3287 necessitate
604 3229 730 3304 syndicus
748 3227 801 3290 suit
819 3233 848 3290 dt
865 3232 894 3287 in
913 3233 1027 3291 crimine
1055 3229 1219 3287 wnuuudo
1237 3224 1279 3285 his
1296 3244 1400 3298 quoque
1416 3227 1528 3287 indulsit
1552 3222 1717 3300 suffragandi
1744 3243 1862 3297 potesta-

219 3311 268 3364 220
286 3313 318 3368 ea
336 3297 492 3372 audiendus,
510 3299 719 3359 Wesembecius
733 3301 855 3372 parasiti.
866 3296 905 3370 ff.
921 3301 947 3360 b.
966 3317 986 3358 r.
997 3321 1025 3359 n
1056 3311 1120 3370 tem,
1138 3299 1258 3369 alioquin
1269 3312 1406 3356 curatores
1422 3299 1629 3357 minorum2sed
1647 3305 1793 3356 necessaria
1804 3318 1861 3359 non

219 3365 245 3424 6·
273 3363 322 3425 bist
348 3383 412 3441 ergo
438 3389 449 3426 s
471 3371 574 3442 ndicus,
601 3373 646 3442 qui
664 3387 774 3430 causam¹
794 3371 980 3430 universitatis
996 3390 1026 3429 a·
1056 3364 1107 3426 fuit
1124 3369 1380 3440 omniumprasenti
1425 3385 1518 3426 verum
1535 3372 1601 3430 duas
1610 3379 1697 3436 partes
1713 3371 1809 3434 tertias
1819 3382 1861 3426 to-

146 3490 151 3500 .
218 3439 260 3505 ait
286 3451 332 3494 aut
358 3435 437 3500 defen
459 3445 479 3498 it
495 3459 539 3499 ex
565 3442 694 3500 mandato
720 3441 920 3501 universitatis:
947 3461 1026 3514 quem
1054 3443 1108 3498 tius
1126 3441 1231 3502 ordinis
1247 3441 1337 3500 adesse
1433 3440 1473 3510 it,
1490 3449 1684 3498 connumerato
1709 3442 1793 3495 etiam
1810 3459 1862 3508 eo.

220 3507 257 3566 ab
275 3505 365 3566 adiere
384 3513 542 3584 quandoque
551 3517 579 3572 in
597 3511 856 3585 eoseparant,quod
874 3510 950 3570 aiios
966 3529 1026 3573 cer·
1055 3514 1100 3582 qui
1118 3530 1151 3572 ex
1169 3513 1278 3572 decreto
1294 3507 1371 3568 aiios
1386 3513 1571 3580 constituitur,
1590 3509 1607 3564 Ι.
1626 3507 1693 3566 nulli
1710 3505 1736 3564 5.
1756 3510 1774 3566 Ι.
1793 3511 1819 3581 4.
1852 3553 1860 3568 .

221 3592 254 3644 ta
273 3597 365 3652 causa,
376 3582 502 3653 syndicus
519 3584 650 3645 universis
659 3581 775 3656 negotiis
793 3580 951 3657 tractandis,
960 3605 1025 3656 prae-
1054 3581 1080 3642 b.
1098 3601 1119 3640 c.
1139 3583 1189 3642 illa
1206 3579 1310 3640 dacisca
1327 3597 1352 3638 2.
1370 3581 1390 3637 Ι.
1407 3577 1433 3639 5.
1451 3578 1523 3651 ffide
1540 3581 1647 3639 decretis
1666 3576 1695 3634 cb
1713 3581 1801 3639 ordine
1822 3606 1870 3638 u·-

220 3645 312 3722 suerit,
329 3667 387 3720 arg.
406 3653 432 3710 d.
451 3655 469 3710 Ι.
490 3656 554 3709 item
571 3655 597 3712 6.
610 3647 642 3784 g.
666 3671 690 3710 r.
710 3667 736 3710 2.
747 3645 786 3722 ff.
803 3649 829 3708 b.
847 3670 867 3712 c.
886 3652 949 3714 licet
967 3657 1023 3715 alio
1054 3654 1138 3712 ciend.
1158 3656 1175 3710 Ι.
1193 3657 1406 3713 nominationum
1423 3643 1468 3723 46.
1492 3654 1519 3710 C.
1539 3652 1571 3709 de
1597 3649 1783 3712 decurionibus.
1804 3653 1862 3712 ¹Uti

220 3741 299 3778 sensu
317 3720 383 3786 aaut
401 3719 504 3780 fuerint
523 3726 593 3796 apud
640 3740 720 3782 raecos
736 3722 853 3796 syndici,
871 3727 918 3796 qui
935 3728 971 3786 ad
989 3727 1026 3786 le-
1056 3744 1104 3782 uec
1122 3745 1218 3785 omnes
1233 3737 1374 3797 presentes
1382 3727 1535 3784 conoentire
1543 3743 1609 3795 opus
1626 3720 1678 3780 fuit
1689 3721 1864 3798 ydum,qu0d

219 3811 263 3865 aes
280 3793 429 3852 suadendas
446 3811 462 3850 a
481 3796 578 3864 populo
595 3791 674 3854 eleiii
701 3806 790 3864 erant,
806 3807 837 3852 ut
864 3795 941 3856 docet
960 3797 1024 3858 Gar.
1055 3791 1140 3865 major
1158 3797 1279 3856 decrevit
1289 3801 1458 3866 presentium
1476 3815 1545 3867 pars,
1553 3811 1647 3852 omnes
1664 3807 1807 3855 censentur
1815 3799 1863 3857 de·

220 3859 350 3942 Sigonius
367 3863 400 3920 de
417 3863 547 3934 rqublcca
564 3866 786 3937 Atheniensium,
803 3863 850 3924 lib.
868 3864 895 3934 d.
924 3884 982 3940 cap.
999 3868 1025 3928 6.
1054 3872 1188 3926 crevisse:
1201 3864 1302 3936 majore
1320 3884 1433 3925 numero
1448 3871 1582 3924 minorem
1599 3864 1634 3922 ad
1652 3882 1680 3920 se
1699 3864 1860 3940 trahente,i

212 3943 274 4006 parc
292 3938 321 3994 iu
335 3938 443 4005 princip.
462 3933 522 3996 Hos
540 3954 606 3994 vero
622 3933 726 3993 aiiores
743 3955 790 3995 seu
807 3937 933 4008 syndicos
958 3959 1025 3999 con·
1055 3937 1125 4012 quud
1138 3939 1228 4010 niujan
1250 3951 1291 4010 19.
1302 3934 1340 4008 ff.
1360 3936 1400 3992 ud
1414 3937 1610 4008 municipalem,
1629 3933 1646 3991 l.
1670 3935 1734 3992 icem
1753 3941 1777 3994 ci
1795 3959 1863 3997 unru

217 4004 309 4074 stitui,
325 4007 511 4068 universitatis
528 4005 737 4077 interfuitytum
754 4007 817 4078 quia
833 4025 1027 4075 supervacuum
1059 4025 1099 4080 17.
1117 4001 1143 4080 5.
1161 4010 1212 4066 ult.
1224 4005 1262 4080 ff.
1278 4009 1312 4063 de
1329 4011 1443 4078 receptis,
1461 4011 1507 4080 qui
1524 4006 1606 4066 arbit.
1624 4023 1704 4077 recep.
1715 4007 1805 4081 Atque
1815 4010 1862 4066 hic

219 4074 365 4157 &inutile
382 4078 470 4134 visum
488 4075 550 4151 fuit,
566 4079 653 4148 plures
671 4097 688 4134 a
706 4079 821 4148 propriis
837 4077 960 4136 abstrahi
977 4101 1026 4140 ne·
1055 4083 1138 4150 patris
1154 4077 1309 4150 usuagium
1328 4077 1395 4151 filio,
1412 4079 1440 4136 iit
1460 4082 1517 4137 vice
1544 4094 1639 4147 versa,
1658 4079 1780 4145 prodesse
1805 4079 1863 4154 jura

218 4158 310 4218 gntus,
326 4148 355 4204 dr
372 4152 509 4208 communi
532 4167 627 4208 vacare
652 4166 735 4208 cause
761 4149 951 4210 universitatis.
982 4155 1026 4210 cui
1055 4151 1159 4219 sinunt,
1177 4147 1240 4207 licet
1258 4146 1328 4206 filius
1345 4150 1374 4206 in
1392 4150 1477 4218 petris
1493 4151 1535 4206 sui
1552 4163 1621 4209 esset
1634 4161 1785 4222 potestates
1802 4171 1863 4210 cum

219 4211 367 4276 cratianus
385 4223 472 4287 potuit
490 4236 559 4278 unus
576 4218 715 4280 sufficere:
742 4221 810 4279 adeo
836 4233 867 4278 ut
894 4223 923 4278 dr
939 4222 1026 4294 olor,
1060 4239 1116 4284 non
1134 4221 1211 4289 quasi
1227 4219 1373 4277 cometus
1390 4234 1513 4292 persona,
1528 4223 1575 4278 sed
1594 4223 1676 4290 quasi
1686 4221 1795 4278 decurio
1812 4221 1864 4283 hoc

219 4303 282 4342 cum
300 4288 422 4346 nondun
440 4288 540 4347 licetur
548 4291 638 4353 alieno
655 4291 768 4348 nomine
781 4292 811 4347 in
832 4286 929 4358 iudicio
947 4309 1025 4362 expe-
1056 4290 1159 4356 saciat3
1176 4291 1229 4347 nisi
1248 4289 1294 4348 lex
1318 4289 1460 4360 municipii
1478 4289 1520 4350 vel
1548 4301 1672 4362 perpetua
1698 4296 1865 4354 consuetudo

219 4357 278 4428 riri,
295 4367 388 4415 tarsen
406 4376 455 4430 pro
471 4364 649 4421 universitate
666 4361 782 4431 licuerit,
797 4359 917 4430 pnlnsr.
933 4360 966 4417 de
982 4366 1026 4438 iic,
1055 4359 1206 4434 prohibeat,
1224 4361 1243 4416 Ι.
1262 4360 1335 4418 illud
1357 4359 1384 4418 5.
1403 4357 1467 4418 Ι.6.
1514 4401 1524 4417 .
1553 4361 1579 4421 b.
1604 4377 1623 4418 r.
1651 4361 1704 4420 Sed
1721 4376 1753 4420 ut
1779 4362 1863 4426 alicui

215 4445 261 4498 pcc
277 4447 339 4499 quos
356 4433 434 4504 ageri
447 4445 513 4500 porr.
531 4440 591 4488 tum
608 4431 672 4501 quia
689 4434 849 4490 universitas
864 4433 920 4502 ipsa
937 4450 1026 4501 perso·
1054 4446 1132 4492 suum
1148 4433 1287 4504 proprium
1296 4431 1431 4500 prodesset
1505 4439 1596 4505 agium
1610 4433 1645 4491 ad
1664 4432 1794 4491 honorem
1804 4451 1863 4494 mu-

218 4519 257 4557 ne
276 4511 385 4562 tantum
400 4505 485 4562 vicem
501 4503 668 4573 gerenscuti
687 4501 848 4558 naturaliter
873 4506 1028 4564 consentire
1055 4522 1139 4561 nusve
1157 4501 1373 4574 impetrandum,
1391 4520 1410 4558 n
1445 4519 1478 4560 ue
1496 4505 1525 4559 in
1544 4503 1595 4561 hoc
1621 4503 1725 4576 syndici
1752 4519 1865 4570 munere

219 4587 276 4628 non
294 4581 409 4656 poterat,
426 4573 446 4628 Ι.
466 4587 492 4628 a.
507 4565 533 4648 5.
555 4589 578 4628 r.
606 4568 639 4624 de
663 4569 764 4628 libertis
791 4575 959 4633 universitas.
986 4577 1026 4632 ita
1053 4575 1232 4647 decernendo,
1250 4591 1336 4646 neque
1353 4574 1384 4630 in
1450 4589 1466 4628 a
1490 4573 1546 4631 alia
1574 4571 1684 4630 honoris
1709 4581 1864 4642 munerisve

219 4659 268 4702 nec
279 4639 545 4727 'naturaliter-agere.
561 4659 610 4711 pro
626 4659 658 4700 se¹
670 4653 719 4698 aut
735 4637 887 4714 defendere,
901 4647 938 4700 sic
956 4658 986 4704 ut
996 4665 1025 4704 a·
1053 4653 1137 4718 specie
1146 4645 1345 4716 demandanda,
1357 4640 1398 4715 J‘us
1416 4640 1572 4706 Romanum
1592 4641 1703 4703 indulsit
1714 4662 1724 4711 i
1737 4647 1804 4717 quin
1815 4667 1870 4719 po..

217 4709 299 4769 &oris
316 4731 363 4770 seu
380 4714 488 4788 syndici
507 4714 668 4774 interventu
680 4729 746 4780 opus
765 4708 865 4784 suerit,
882 4733 940 4786 arg.
957 4715 985 4772 d.
1004 4717 1022 4774 Ι.
1052 4719 1108 4777 tius
1124 4718 1231 4776 disertis
1249 4717 1364 4774 vetitum
1382 4713 1481 4787 verbis,
1499 4735 1534 4775 ne
1550 4727 1664 4788 prator,
1682 4735 1750 4776 neve
1768 4737 1871 4787 pruses,

221 4799 242 4837 2.
261 4775 287 4856 5.
310 4795 339 4842 a:
353 4785 382 4842 dt
399 4784 417 4840 Ι
440 4799 462 4839 2.
480 4777 507 4858 5.
526 4783 575 4841 ult.
588 4777 626 4854 ff.
640 4779 673 4836 de
691 4783 790 4852 acquir.
810 4784 854 4842 ui
868 4787 1025 4855 002222202-
1051 4806 1079 4844 se
1096 4791 1181 4860 ipurm
1200 4783 1314 4855 iudicem
1331 4784 1482 4858 specialem,
1499 4798 1545 4844 aut
1564 4796 1683 4846 tutorem
1700 4787 1762 4862 det,
1777 4788 1794 4844 Ι.
1813 4795 1869 4852 ula.

216 4871 279 4910 uu.
297 4863 357 4916 tum
373 4854 498 4925 denique,
515 4871 551 4918 ne
567 4853 688 4916 dumam
705 4865 838 4926 popano
847 4855 1025 4920 turbarentur.
1044 4854 1083 4928 ff.
1101 4859 1133 4918 ai
1149 4851 1220 4930 offic..
1229 4873 1369 4928 prucorum
1385 4857 1403 4916 Ι.
1418 4869 1510 4927 prcus
1528 4857 1554 4917 5.
1566 4853 1605 4929 ff.
1621 4857 1654 4917 de
1673 4856 1753 4933 officio
1773 4875 1867 4932 peace.
