3994 5348
189 277 192 282 .
269 213 344 310 *29⁸
879 217 949 281 Lib.
971 211 1081 282 ‘XXIL
1108 217 1169 282 atr.
1194 211 1248 281 ii'
1521 303 1529 320 ⁰

221 323 282 376 rota
299 307 432 374 creditori
449 315 552 378 pereat,
569 307 690 380 adeoque
707 309 786 365 navis
803 308 913 378 naviget
932 307 1034 376 pericu-
1062 323 1122 379 est,
1139 305 1189 363 hac
1206 305 1315 366 ratione
1333 315 1456 365 matutam
1473 321 1589 374 saepem
1667 300 1688 360 't
1706 313 1735 370 pp
1751 295 1872 358 baderu-

224 383 253 438 lo
268 381 409 438 creditoris
442 377 528 452 qualis
545 385 629 436 mutui
646 379 746 446 species
763 377 911 448 appellatur
928 391 1034 436 nostra·
1063 379 1125 451 rije,
1140 374 1242 436 diuum
1259 381 1301 436 rit.
1319 375 1352 434 de
1369 378 1472 436 curce.
1490 375 1544 434 ati.
1561 394 1589 432 n.
1626 417 1635 436 .
1843 445 1849 459 ⁸

223 448 297 508 tibus
313 465 403 506 contra
430 490 441 508 .
469 467 523 506 vau
539 445 719 522 hademerija,
744 449 858 507 litorius
875 447 1033 505 manuduli.
1097 447 1123 505 5.
1142 443 1278 516 Quique,
1292 465 1353 506 cum
1371 445 1559 509 hodietenus
1577 440 1700 515 fraqam
1708 445 1744 500 sit
1755 457 1873 524 ριιιιιιιι

223 518 265 576 ad
286 519 422 590 'arirprud
439 519 511 576 Holl.
529 514 609 576 aad.
628 535 684 588 cap.
707 537 749 576 ιι.
768 517 977 594 Groenevegeo
997 515 1037 572 ad
1062 523 1143 588 ipsius
1160 529 1306 575 numerato
1322 519 1356 578 de
1373 519 1484 590 regione
1502 516 1539 593 iu¹
1550 515 1689 588 regionem
1710 509 1875 580 translatio,
1937 575 1941 582 ¹

224 593 243 650 Ι.
286 631 297 650 .
315 591 342 646 C.
361 587 393 644 de
409 583 567 648 asurim&
586 585 740 648 Roseboom
756 590 1033 646 castamserram·
1063 600 1109 648 teu
1126 586 1185 658 ejus
1202 587 1260 644 vioe
1279 585 1443 658 frequentari
1459 588 1587 657 coeperint
1605 584 1689 642 litere
1698 579 1800 665 cambii
1810 578 1871 638 vut-

224 659 344 726 startiam
361 675 417 731 cap.
436 659 479 716 ὄλ
507 655 570 731 Qua
588 661 770 720 conventione
786 660 892 731 posita,
916 663 939 716 si
957 663 1034 714 navis
1062 655 1316 732 geilamerum
1332 664 1460 728 precipue
1477 657 1634 726 mandaw',
1650 667 1876 723 utpecunieuno

225 743 328 802 pereat,
345 731 390 789 sed
407 734 588 790 instrumenta
605 730 684 792 navis
700 745 732 784 oc
750 723 827 788 funes
840 729 1032 798 autipsiosca·
1063 733 1092 785 in
1109 729 1173 784 ioco
1190 741 1346 800 nummatas,
1362 741 1410 786 aut
1429 725 1610 798 numeranda,
1627 723 1685 780 alio
1702 729 1730 780 in
1749 721 1811 779 looo
1829 737 1873 790 per

137 808 140 812 ’
226 799 592 928 spemrerngugeaqug,
659 795 1032 926 striaturis
1062 795 1368 926 “iia'iii‘iiii
1383 790 1875 926 iiiiiia‘iuliliiiiiii

227 891 246 926 u
328 889 373 927 Cl'e
447 889 455 925 l
1019 895 1032 906 ·
1863 888 1876 902 ‘¹

228 890 348 1012 pelesse,
374 885 542 997 srlldrsalllalta
569 888 616 994 tila
633 938 691 996 m'ne
708 935 765 995 ullo
781 888 880 996 crepditi
906 955 989 994 onere
1003 935 1038 993 ad
1066 907 1163 999 dortut’t
1173 885 1367 1004 qprocuratione
1380 947 1514 1008 captatur,
1529 934 1671 996 ordinario
1681 931 1728 991 lini
1738 945 1879 1012 usurarum

228 1017 307 1066 navis
325 1016 483 1070 exercitores
500 1008 648 1081 pertinere,
675 1006 818 1082 aliquoties
836 1025 990 1075 responsum
1008 1007 1037 1060 in
1068 1008 1248 1081 legitimarum
1266 1027 1323 1066 non
1339 1025 1400 1064 esse
1416 1005 1560 1076 inclusum,
1576 1005 1622 1064 sed
1640 1004 1754 1076 vulgatis
1765 1017 1879 1086 amputes

229 1076 380 1137 Holisndia
396 1083 425 1140 δι
443 1077 591 1148 iudicatum
607 1095 623 1134 a
643 1091 717 1146 paret
735 1095 768 1134 er
785 1077 931 1146 Responsio
946 1075 1037 1134 iurisc.
1069 1095 1143 1146 posse
1160 1075 1282 1149 symbola
1299 1075 1468 1152 collybistiea
1486 1074 1686 1146 comprehendi.
1705 1071 1826 1144 Quotus
1837 1089 1880 1128 m·

229 1147 305 1206 Holl.
321 1147 415 1224 puel,
433 1149 521 1207 consil.
544 1167 601 1206 ιιι.
669 1147 759 1206 consil.
781 1146 839 1216 rai.
858 1149 936 1219 idque
953 1163 988 1204 ea
1005 1163 1038 1203 eo
1068 1146 1214 1220 telligatur,
1231 1145 1405 1218 paulalatim
1422 1143 1880 1206 cambiarumaeuiiterarumram·

230 1219 425 1290 fundamento,
449 1219 520 1292 quod
537 1217 612 1276 nulla
629 1218 665 1277 acl
683 1222 879 1279 restitutionem
893 1219 974 1274 sortis
991 1226 1038 1272 aut
1068 1217 1109 1274 bii
1126 1231 1225 1276 natura
1240 1217 1402 1288 explicanda
1418 1229 1476 1275 est:
1503 1218 1641 1290 acprimo
1658 1215 1766 1287 quidem
1791 1215 1878 1271 ecten-

228 1291 385 1364 graviorum
402 1305 542 1352 insuar-um
557 1288 691 1360 obligatio
706 1302 834 1348 nmcatur
850 1291 879 1346 in
896 1304 971 1358 casu,
987 1303 1040 1355 quo
1067 1288 1151 1358 dum,
1180 1287 1406 1360 quemadmodum
1424 1305 1480 1346 non
1498 1305 1554 1346 uno
1570 1285 1617 1345 aed
1633 1284 1737 1344 duobus
1755 1285 1812 1340 imo
1828 1289 1878 1340 tri·

230 1365 259 1416 in
278 1371 382 1416 certum
400 1375 502 1427 tempus
519 1372 641 1418 ιιιιιιιιιιιιι
658 1356 709 1416 sub
723 1364 833 1430 pignore
857 1359 954 1415 carinae
969 1373 1038 1412 con-
1070 1357 1118 1416 bus
1134 1355 1317 1419 eontraiiibus
1333 1359 1369 1416 ad
1385 1359 1528 1416 minimum
1546 1354 1789 1416 intervenientibus
1807 1354 1880 1412 dele·

230 1427 347 1488 trabium
362 1445 421 1502 est,
446 1447 527 1502 quam
545 1435 568 1488 ti
585 1433 663 1487 navis
679 1428 755 1486 salva
772 1430 827 1498 sita
871 1430 915 1484 uia
941 1446 974 1484 ert
991 1425 1039 1481 illa
1067 1430 1145 1502 gotio
1161 1431 1318 1501 peragitur,
1344 1429 1424 1502 idque
1441 1429 1512 1486 inter
1529 1425 1615 1499 plures
1631 1442 1711 1494 ᾳιιιιιι
1737 1426 1804 1484 muas
1820 1444 1880 1493 per·

231 1499 389 1557 conditione
406 1517 531 1571 suspensa
557 1500 591 1558 ad
608 1499 807 1559 restitutionem
824 1447 880 1556 oilli
899 1502 956 1556 atio
973 1495 1039 1554 deii·
1068 1517 1164 1570 sonas,
1189 1503 1254 1560 dum
1279 1497 1406 1570 delegans
1432 1495 1545 1557 maridas
1570 1495 1687 1556 debitori
1714 1513 1781 1567 aso,
1806 1495 1878 1556 uris

228 1588 289 1628 cere
305 1571 438 1632 censenda
455 1583 496 1633 est
505 1567 822 1646 deiicienteoonditione,
839 1570 858 1624 l.
880 1585 1004 1626 enerues
1012 1563 1038 1623 6.
1068 1568 1177 1640 solvat,
1202 1573 1230 1630 δι
1254 1569 1384 1645 creditori
1410 1587 1459 1628 suo
1484 1566 1528 1626 vel
1545 1564 1643 1638 alteri,
1669 1578 1699 1622 ιιι
1723 1577 1844 1634 acceptet
1860 1582 1881 1620 a

228 1635 262 1708 ff
277 1638 304 1696 b.
322 1657 343 1694 r.
368 1639 421 1698 b'ed
442 1645 484 1696 vix
501 1651 551 1708 est,
567 1651 598 1697 ιιι
616 1637 687 1694 tunc
703 1639 859 1707 opinionem
876 1638 1040 1707 probaveris,
1068 1639 1190 1698 debitore
1207 1635 1355 1710 solvenda,
1379 1638 1549 1707 &deinceps
1566 1638 1610 1706 is,
1635 1641 1680 1694 cui
1697 1635 1882 1705 solvutdum,

147 1725 150 1732 ·
231 1709 360 1780 quamdiu
375 1725 435 1767 earn
452 1725 502 1765 uas
518 1719 662 1766 constante
679 1705 813 1766 firmum
829 1709 1039 1767 easedoeerine
1068 1709 1212 1781 stipuletur
1229 1724 1246 1763 a
1262 1707 1385 1768 debitore
1400 1707 1571 1780 delegantis,
1593 1720 1623 1765 ιιι
1641 1706 1692 1764 sibi
1719 1703 1816 1765 debeat
1850 1707 1883 1760 in

232 1783 299 1848 quit.
326 1775 409 1850 Quod
425 1785 498 1835 enim
514 1777 613 1850 aiunt,
638 1793 709 1839 nave
727 1795 782 1834 non
798 1777 876 1839 saiva
894 1795 949 1835 non
966 1783 1039 1836 nasci
1069 1793 1244 1850 posterumac
1260 1775 1347 1835 solvat
1374 1797 1414 1836 ue
1431 1775 1561 1838 hadienus
1577 1775 1711 1847 deleganti
1728 1775 1831 1843 debuit,
1840 1777 1883 1832 ita

232 1847 409 1918 principalem
426 1848 513 1910 debiti
529 1846 735 1922 obligationem,
752 1865 808 1919 que
826 1846 876 1906 sub
884 1849 1041 1908 conditione
1071 1867 1174 1922 quoque
1191 1865 1246 1906 non
1264 1796 1564 1919 unaaeimultiplioata
1572 1850 1756 1906 conventione
1772 1849 1800 1906 δι
1819 1843 1881 1932 plu·

232 1921 309 1976 navis
327 1917 406 1976 salve
425 1915 640 1989 contraiisset,
657 1918 775 1990 adeoque
793 1935 843 1979 nec
860 1919 980 1991 pignoris
995 1935 1040 1974 ae-
1071 1927 1140 1979 ιιιιιιι
1158 1935 1332 1988 personatum
1348 1925 1505 1982 interventu
1521 1935 1586 1986 opus
1602 1935 1678 1990 esse,
1695 1931 1726 1976 ut
1742 1929 1884 1988 negotium

231 1991 375 2078 cessoriam
391 1987 586 2076 obligationem
611 1989 758 2046 consistere
784 2002 831 2047 aut
857 1989 1038 2073 nasci'posse,
1070 1989 1203 2049 cambisis
1219 1993 1273 2047 mis
1290 1989 1502 2074 circumtantia
1526 1986 1679 2074 plenissime
1704 1988 1782 2072 quasi
1797 1985 1885 2072 vesti:

231 2059 899 2198 triturantiumsistitis
919 2056 1042 2197 iiiiii:
1071 2055 1882 2200 {utilititatemimmittitit

232 2215 265 2255 ex
283 2195 428 2270 naufragio
445 2193 578 2260 subdolis
595 2211 676 2270 atque
692 2197 826 2268 collediae,
854 2199 971 2256 dominis
989 2201 1042 2256 mis
1069 2195 1512 2270 quamitatemalibispivendamp
1529 2213 1570 2258 est
1586 2199 1704 2256 smundo
1713 2199 1747 2269 is,
1762 2199 1806 2254 cui
1827 2214 1882 2252 nu·

231 2268 311 2328 calve
328 2281 403 2338 sunt,
420 2267 461 2323 ibi
479 2285 597 2339 navem,
612 2284 670 2336 mae
686 2285 749 2330 cum
766 2271 954 2326 instrumentis
970 2268 1040 2326 obli·
1070 2286 1206 2338 oneratur,
1223 2270 1321 2340 quique
1339 2287 1385 2338 per
1402 2267 1492 2326 literas
1520 2266 1620 2324 cambii
1637 2264 1804 2324 solutionem
1828 2263 1880 2321 alii

229 2351 295 2413 gata
314 2335 410 2408 suerat,
427 2337 529 2394 salvam
547 2356 604 2398 non
621 2355 687 2408 esse,
701 2339 787 2411 gratis
795 2342 947 2397 assumitur.
966 2335 1041 2411 Quin
1072 2339 1222 2400 faebmiam
1241 2341 1383 2408 mundata,
1396 2352 1437 2396 εει
1453 2342 1480 2400 ἃ
1498 2340 1585 2396 tertio
1609 2337 1812 2405 mandatarius,
1830 2351 1882 2404 per

231 2415 340 2480 potius,
356 2425 419 2467 cum
437 2409 466 2465 in
483 2409 538 2466 suis
556 2407 675 2479 partibus
691 2407 765 2466 salve
782 2411 846 2480 ait,
860 2415 942 2468 etiam
959 2427 1041 2477 usque
1071 2429 1149 2482 quem
1167 2409 1279 2481 petuma
1298 2408 1364 2466 aiibi
1379 2424 1420 2466 est
1437 2427 1471 2466 es
1487 2408 1616 2467 mandato
1634 2406 1818 2472 numerandas
1835 2419 1882 2462 εει

231 2481 266 2540 ad
285 2482 353 2534 vires
370 2483 553 2543 estimationis
578 2483 690 2540 istarum
706 2481 823 2549 partium
849 2477 1041 2550 obligationem
1070 2483 1202 2554 dentque,
1219 2481 1263 2536 cui
1280 2498 1314 2537 ex
1332 2480 1462 2536 mandato
1488 2478 1650 2535 solutionem
1679 2475 1735 2538 lieri
1752 2487 1882 2543 oportet.

233 2550 317 2618 nasci,
334 2545 405 2628 redis
420 2550 533 2607 dixeris.
551 2545 627 2608 Nam
643 2551 691 2619 ἃ,
708 2567 770 2606 tum
787 2551 821 2608 de
837 2547 1042 2608 contributione
1072 2550 1176 2609 Primus
1194 2548 1269 2606 verbi
1285 2553 1378 2621 gratia
1390 2551 1449 2618 agit·
1460 2566 1524 2609 cum
1533 2547 1648 2605 mundo
1663 2548 1736 2606 datis
1752 2557 1801 2604 aut
1819 2561 1884 2613 pro·

231 2632 337 2690 propter
355 2617 455 2687 tatium
491 2621 585 2676 nescio
600 2629 660 2690 eat,
684 2635 838 2689 responsum
856 2616 925 2690 suit,
946 2616 1041 2686 istium
1070 2623 1158 2679 mistis
1175 2617 1249 2678 mille
1264 2622 1353 2677 aureis
1368 2637 1429 2676 cum
1446 2619 1561 2691 quodam
1580 2617 1646 2675 lucri
1669 2617 1882 2683 additamento,

232 2691 340 2748 demum
356 2707 426 2746 nava
443 2635 521 2746 salva
539 2693 568 2745 in
583 2687 713 2746 tributum
731 2689 861 2761 usnimi.
882 2692 960 2748 nauis
976 2709 1041 2746 ona·
1070 2704 1100 2760 ιιι
1119 2694 1143 2749 is
1161 2709 1207 2760 per
1232 2695 1342 2748 tertium
1369 2684 1463 2750 Roma
1479 2689 1618 2762 degentem
1643 2701 1741 2756 quarto
1758 2687 1881 2757 peregri-
1954 2742 1958 2752 ,

231 2777 277 2814 rra
293 2757 374 2828 depe
384 2755 422 2830 ffi
440 2757 481 2815 ael
494 2757 634 2839 tapetam.
652 2757 685 2815 ele
695 2758 790 2832 jeliu,
806 2763 834 2822 dt
852 2764 944 2820 tanen
961 2759 1041 2818 nauis
1071 2763 1151 2820 nanti
1168 2757 1287 2823 Romam
1304 2772 1419 2817 venturo
1428 2773 1550 2818 autumet
1568 2761 1617 2816 ista
1626 2756 1710 2823 mille,
1728 2757 1800 2814 datis
1817 2771 1882 2813 eum
1970 2787 1981 2807 .

231 2844 297 2887 tunc
316 2847 417 2901 quoque
433 2829 508 2888 salve
525 2829 629 2888 credita
647 2827 710 2898 fuit,
727 2829 826 2888 adobl’
846 2837 1039 2889 atioaetncon·
1071 2839 1098 2890 in
1117 2831 1200 2892 finem
1218 2829 1340 2888 mandati
1360 2829 1465 2902 literis,
1481 2830 1516 2888 ad
1534 2841 1660 2901 quartum
1667 2823 1827 2895 ”aritrendia
1846 2843 1881 2882 ae

231 2897 389 2958 tributionis
406 2899 606 2970 inducendam,
631 2917 693 2958 cum
713 2896 782 2968 iaetu
801 2898 818 2956 f
856 2920 874 2957 o
892 2906 969 2960 navis
986 2899 1041 2956 alio
1070 2923 1114 2972 per
1130 2917 1192 2961 eum
1209 2895 1498 2968 sententiantium
1515 2903 1537 2955 is
1553 2899 1714 2958 solutionem
1731 2893 1785 2952 sibi
1802 2912 1820 2951 a
1835 2915 1882 2954 se·

230 2973 258 3024 in
278 2968 338 3028 loco
354 2967 489 3027 submersa
505 2965 567 3037 suit,
584 2970 773 3040 &aliquorum
782 2983 960 3030 mercatorum
969 2987 1039 3028 mer·
1068 2975 1158 3032 cundo
1174 2971 1330 3028 mandatam
1348 2973 1376 3026 in
1394 2989 1422 3028 se
1440 2970 1573 3038 recipiat,
1599 2987 1645 3026 seu
1661 2966 1757 3025 literas
1774 2965 1879 3022 cambii

231 3059 275 3096 ces
291 3058 337 3109 per
355 3043 506 3096 urinatores
522 3041 619 3098 deinde
635 3038 762 3098 extrabia
779 3055 851 3112 sunt,
870 3038 961 3110 dit.
973 3033 1000 3112 §.
1016 3059 1038 3096 ι.
1068 3041 1265 3112 subscriptione·
1279 3051 1411 3112 acceptet,
1426 3059 1458 3098 ae
1473 3057 1523 3098 sua
1540 3041 1585 3098 die
1601 3037 1747 3105 adimpleat
1764 3036 1883 3096 mnda-

227 3107 365 3182 ffiadleg.
377 3108 459 3172 itbod.
478 3107 511 3162 de
536 3111 614 3168 ‘abira
634 3107 682 3165 Uti
699 3129 765 3184 ergo
782 3110 821 3168 ibi
840 3128 902 3182 pars
919 3111 1040 3180 medam
1071 3126 1129 3172 turn
1146 3111 1309 3176 solutionisi
1325 3127 1379 3180 quo
1396 3109 1526 3168 mandato
1542 3127 1588 3180 per
1606 3113 1718 3168 temtum
1735 3121 1879 3174 uuoepto,

230 3185 359 3237 mercium
376 3193 436 3252 post
453 3195 507 3235 nau
520 3181 625 3253 rugium
640 3179 744 3236 salvate
761 3185 838 3239 nasci
854 3177 921 3239 facit
936 3180 1040 3254 obliga·
1067 3196 1178 3254 quartus
1195 3179 1240 3238 ille
1256 3197 1290 3238 etr
1308 3178 1512 3254 paiioquodam
1528 3182 1674 3238 constituti
1686 3179 1720 3243 de
1736 3175 1881 3243 solvendo,

230 3254 335 3310 tionem
358 3247 586 3323 contributionir,
611 3251 687 3321 quasi
706 3269 776 3313 nave
791 3252 885 3322 saiva,
912 3253 951 3310 irs
969 3255 1041 3307 ratio
1069 3256 1246 3324 adaptationi
1263 3269 1309 3309 seu
1327 3251 1489 3320 susceptioni
1507 3251 1629 3310 mandati
1646 3249 1757 3308 incluso
1770 3239 1822 3313 (iit
1839 3245 1879 3303 ad

231 3339 286 3378 non
304 3331 356 3390 est,
371 3339 421 3381 cur
438 3337 494 3378 non
513 3325 542 3376 in
563 3335 656 3383 nostro
673 3338 780 3390 quoque
795 3339 860 3380 casu
875 3317 1039 3379 excolleiiis
1068 3324 1202 3396 agendum
1219 3323 1257 3378 ita
1275 3317 1398 3392 elissaee,
1422 3334 1452 3378 ut
1469 3324 1498 3381 dr
1515 3340 1561 3390 per
1578 3317 1688 3378 civilem
1705 3317 1877 3399 comediam,

230 3391 307 3448 navis
325 3404 357 3444 ac
375 3394 617 3454 instrumentorum
634 3389 763 3462 reliquiis,
779 3393 855 3464 quasi
870 3408 939 3450 nave
949 3389 1040 3450 baile-
1069 3394 1101 3464 by
1113 3395 1198 3468 gysele'
1229 3413 1260 3462 e,
1277 3405 1417 3460 acceptans
1434 3392 1468 3449 ad
1480 3391 1648 3450 solutionem
1665 3391 1725 3462 cogi
1744 3400 1826 3456 porat
1841 3400 1881 3444 ex

230 3481 281 3526 nus
297 3459 383 3530 salva,
401 3472 523 3524 tueamur
542 3462 715 3526 nativitatem
731 3462 916 3534 obligationis.
937 3459 1038 3533 Plane,
1067 3475 1199 3526 conuictu
1220 3479 1265 3518 ine
1284 3461 1539 3533 Amstelodamensi,
1556 3462 1626 3532 apud
1644 3457 1876 3524 Roseboomsap·

229 3535 252 3587 si
269 3542 329 3586 tota
348 3531 426 3588 navis
442 3547 505 3589 cum
523 3533 708 3588 instrumentis
736 3550 791 3589 non
809 3549 871 3590 casu
888 3532 933 3590 sed
951 3536 1038 3588 mani-
1068 3532 1110 3592 So
1128 3551 1180 3590 art.
1195 3529 1234 3590 ιδ.
1253 3530 1287 3594 Θ
1304 3527 1366 3659 ὄαζ
1377 3535 1626 3592 adversustertium
1645 3529 1727 3588 habet
1744 3525 1883 3610 aiilonem

227 3600 295 3664 festa
313 3604 470 3659 mutuatarii
486 3601 564 3670 culpa
581 3615 689 3674 pereat,
715 3602 780 3660 dum
798 3599 869 3661 forte
884 3603 922 3660 ob
939 3619 1039 3660 merces
1069 3605 1098 3660 in
1118 3619 1270 3674 personam
1286 3602 1348 3659 ado
1368 3601 1509 3660 tinendam
1517 3601 1682 3660 solutionem
1698 3600 1750 3657 sibi
1768 3613 1885 3670 montra-

228 3674 338 3729 iliieitas
354 3673 381 3728 ei
398 3673 538 3740 impositas
557 3671 729 3743 publicatur,
747 3673 874 3732 damnum
892 3672 959 3736 iilud
977 3687 1038 3728 mu·
1067 3691 1141 3732 sam:
1160 3679 1255 3731 tertius
1263 3687 1356 3731 rursus
1372 3669 1506 3732 tillonem
1515 3673 1638 3736 mundati
1646 3670 1815 3728 contrariam
1831 3667 1882 3726 ad-
1964 3683 1969 3692 ¹

226 3743 376 3800 tortarium
393 3744 478 3812 magis
494 3759 576 3812 quam
595 3757 763 3802 mutuantem
779 3761 910 3811 onerare,
926 3741 1038 3801 dubium
1068 3763 1158 3802 versus
1174 3743 1320 3804 secundum
1337 3744 1536 3818 mandantem,
1552 3757 1692 3828 postquam
1707 3739 1789 3798 solvit
1800 3740 1883 3820 taisi

228 3831 284 3871 non
302 3823 363 3886 esta
390 3814 419 3866 in
438 3823 570 3880 qnantum
587 3820 724 3870 mutuanti
741 3813 837 3872 saltem
853 3812 926 3872 allio
948 3820 976 3870 in
996 3811 1037 3868 sa·
1068 3815 1202 3872 mandatis
1214 3810 1327 3872 debitor
1342 3825 1429 3884 esset,
1455 3831 1510 3884 quo
1526 3831 1590 3872 casu
1609 3812 1837 3882 liberatiomagas
1853 3823 1883 3864 et

146 3891 157 3910 ·
227 3883 300 3943 Qum
317 3887 346 3938 in
365 3879 394 3938 id
419 3883 492 3954 quod
509 3886 622 3946 interest
648 3885 773 3942 adversus
791 3888 985 3946 mutuatarium
1008 3883 1037 3938 in
1066 3891 1237 3958 contingeret
1253 3883 1288 3938 ad
1305 3887 1435 3941 sumniam
1445 3895 1666 3943 concurrentem:
1686 3879 1818 3942 secundus
1833 3877 1884 3940 def·

229 3952 306 4020 culpa
323 3952 440 4019 positum
457 3953 547 4010 danda
568 3951 650 4022 soret,
665 3969 695 4016 ut
714 3993 721 4014 .
739 3953 757 4014 Ι.
767 3969 824 4023 pra.
836 3955 863 4010 C.
877 3952 904 4010 l.
915 3970 935 4009 ι.
953 3953 1037 4012 ciri·
1067 3959 1147 4026 nique
1182 3954 1280 4010 titutum
1297 3953 1333 4012 ad
1350 3952 1424 4027 cujus
1431 3954 1592 4015 desiderium
1610 3951 1701 4009 literas
1717 3947 1884 4010 cambiide·

227 4025 336 4079 stineus
353 4019 438 4081 void.
456 4019 509 4094 dec.
521 4021 565 4093 ip.
576 3972 723 4083 samii.
741 4023 868 4096 Idemque
884 4025 1035 4092 dicendum,
1066 4027 1118 4094 dit,
1136 3972 1220 4086 velex
1231 4021 1361 4080 mandato
1380 4021 1617 4084 vetezeonrraetu
1625 4021 1801 4084 innominata
1809 4015 1883 4102 ⁰¹²¹&

226 4101 248 4152 si
267 4093 394 4163 magister
411 4093 489 4148 navis
506 4095 558 4160 iter
575 4111 657 4158 strum.
669 4093 797 4156 consulto
813 4093 940 4153 aliorasm
958 4095 1037 4152 insti·
1085 4109 1161 4153 atum
1180 4091 1272 4162 habet,
1308 4095 1394 4154 uoties
1408 4099 1687 4166 primuseotempore,
1704 4107 1759 4160 quo
1777 4085 1882 4148 cambia

224 4175 304 4241 ruat,
334 4171 414 4232 atque
432 4168 470 4218 ita
489 4164 524 4236 ad
549 4163 604 4220 alia
623 4164 681 4224 loca
706 4164 839 4238 nauigans
866 4160 1037 4237 naufragium
1066 4111 1148 4224 litera
1164 4161 1303 4225 conscribe
1325 4180 1422 4237 antur,
1439 4163 1660 4238 comprehensam
1686 4164 1720 4220 iis
1737 4163 1884 4242 quantit}-

216 4251 317 4302 -passus
334 4233 385 4290 sit:
413 4247 572 4304 argumento
588 4251 699 4306 eorum,
717 4253 773 4304 que
790 4236 825 4300 de
840 4241 1037 4297 amecutatione
1066 4248 1121 4300 tem
1145 4234 1264 4294 seeundo
1281 4250 1337 4290 non
1364 4237 1646 4310 reppeoentaaituna
1664 4251 1728 4292 eum
1754 4233 1830 4292 tuero
1845 4239 1886 4285 ω’

226 4317 306 4366 cauta
323 4315 405 4374 sunt,
424 4303 569 4372 periculum
585 4303 688 4367 scilieet
705 4307 833 4365 mercium
850 4307 884 4364 ad
901 4321 1035 4364 amecurt-
1065 4305 1274 4369 conventionem
1289 4301 1415 4368 deduiio.
1430 4301 1497 4364 Non
1516 4317 1606 4362 tanten
1624 4302 1680 4362 ulia
1697 4307 1727 4360 in
1746 4297 1882 4360 totoltoe

155 4423 158 4432 .
225 4387 312 4430 torem
331 4388 386 4428 non
404 4371 532 4444 speiiare,
549 4380 571 4432 si
589 4387 671 4431 nauta
688 4375 811 4442 consulto
827 4387 936 4446 portum
952 4376 1036 4434 alium
1066 4376 1177 4447 negotio
1194 4375 1308 4432 novatio
1324 4377 1469 4450 contingit,
1488 4379 1529 4438 uti
1538 4379 1647 4453 quidem
1664 4377 1763 4450 accidit
1781 4375 1812 4430 in
1830 4369 1881 4428 de·

226 4449 279 4502 aut*
292 4440 375 4498 aliam
391 4447 529 4528 regionem
545 4457 637 4516 petat,
662 4462 741 4514 quun
758 4462 816 4514 qun
833 4449 1037 4506 assecurationis
1065 4444 1208 4518 legatione,
1225 4444 1270 4502 ted
1287 4457 1422 4516 utcunque
1430 4463 1558 4518 quartum
1576 4452 1688 4513 tertium
1706 4447 1806 4512 incepit
1824 4436 1881 4496 sibi

227 4520 409 4572 instrumento
425 4525 528 4571 mscrta
547 4511 610 4584 fluit,
624 4513 710 4582 editio
727 4515 837 4586 Philippi
847 4516 922 4592 Regis
940 4514 973 4570 de
989 4535 1035 4574 ar·
1063 4531 1097 4577 eat
1116 4515 1255 4578 literarum
1271 4513 1370 4576 cambii
1387 4521 1573 4586 acceptatione
1589 4515 1748 4578 deviniium
1766 4511 1881 4579 habere,

226 4585 389 4640 recuratione
409 4581 545 4654 an.167o.
564 4601 616 4641 art.
640 4584 680 4652 ri„
697 4583 921 4656 tegeAmsrend.
940 4584 973 4640 da
990 4605 1034 4641 es·
1064 4583 1342 4658 amendssemmtlus,
1360 4586 1384 4642 si
1394 4583 1464 4646 ioue
1473 4606 1518 4657 per
1526 4595 1788 4657 repraesentationem
1796 4596 1883 4640 nun»

225 4669 401 4710 seraranan.
412 4667 437 4725 7.
457 4654 681 4725 lieterodameuri,
698 4672 752 4718 art,
766 4673 805 4718 ιι.
824 4653 1036 4731 Medioburgemi
1064 4673 1122 4715 mos
1141 4652 1194 4728 jam
1210 4655 1314 4723 accepit
1333 4659 1360 4718 in
1380 4669 1554 4731 antecesmnr,
1572 4659 1608 4716 ad
1626 4662 1827 4716 restitutionem
1843 4653 1879 4710 ἃ

225 4739 279 4779 art.
294 4721 334 4792 td
352 4719 537 4792 Resplurisc.
557 4721 631 4782 Holl.
647 4723 841 4794 pandcemil.
855 4743 913 4783 rro.
931 4727 1033 4786 Anau·
1063 4727 1092 4786 id
1109 4727 1180 4798 quod
1199 4727 1311 4786 interest
1329 4724 1473 4786 obstriiius
1490 4741 1602 4799 manet,
1628 4732 1723 4800 positis
1742 4723 1882 4798 ponendis

223 4806 291 4863 tem,
308 4797 335 4853 iit
345 4793 462 4863 qnando,
479 4795 617 4867 magister,
633 4795 678 4855 cui
695 4811 760 4858 cura
778 4801 855 4857 ιιιιιε
870 4797 1034 4860 umatus
1063 4793 1228 4870 (dequibus
1244 4809 1304 4865 post
1315 4792 1331 4867 i.
1342 4801 1471 4860 sitertiua
1486 4799 1658 4871 promissioni
1677 4819 1734 4860 non
1752 4813 1816 4870 stet,
1834 4805 1897 4858 att-¹
