4026 5352
16 1794 18 1805 '
133 1784 235 1844 annale
250 1786 368 1852 spatium
394 1797 412 1838 a
438 1789 526 1838 morte
550 1780 688 1838 testatoris
715 1773 941 1847 numerandum,
970 1782 1043 1840 bonit
1061 1778 1145 1838 libert.
1161 1795 1224 1837 cum
1241 1797 1332 1839 sensus
1360 1791 1412 1851 sit,
1438 1796 1471 1836 ex

13 3187 19 3197 ι
133 3117 275 3192 inofficioso
291 3132 318 3190 9.
339 3117 368 3172 C.

696 201 754 265 De·
772 193 954 282 Inofficioto
979 189 1200 266 Testommto.
1639 267 1645 284 ,
1688 205 1730 292 '7i

128 299 223 366 diffisis
241 307 362 368 tempore
377 291 560 422 qumodo
575 289 683 379 querela
699 303 795 364 ceant
811 293 830 348 l.
848 292 938 420 tipicis
968 304 1035 421 ξος,
1052 303 1100 350 aut
1118 294 1178 380 aris
1195 289 1279 349 alieni
1298 290 1368 378 molq
1385 304 1528 368 gravatos,
1554 295 1571 350 a
1589 295 1780 356 aua'txciudae

129 369 172 448 fir·
233 367 278 439 54.
298 371 328 426 in
337 363 414 439 fios,
443 405 450 421 .
466 379 526 436 pan.
543 357 571 440 §.
590 363 660 421 illud
670 375 808 433 nonem
827 370 852 418 a.
886 393 899 417 ν.
913 358 938 418 i.
987 375 1036 420 ant
1055 361 1229 436 hereditate,
1246 365 1380 422 institutas
1397 367 1543 437 nepotibus
1560 381 1607 433 per
1624 378 1671 422 eos
1686 383 1783 440 proga-

131 463 154 504 s,
172 444 190 501 l.
208 442 372 510 Papinianus
456 475 464 491 .
483 437 508 492 si
524 431 663 494 condition.
685 447 725 507 19.
735 430 775 506 ff
795 431 821 489 b.
838 433 941 493 acum
969 435 1052 507 tritis,
1069 435 1163 494 addita
1180 449 1261 494 causa
1278 439 1488 510 mceasitateque
1505 433 1597 509 judicit
1616 440 1672 507 sui,
1690 443 1718 496 tir
1744 437 1783 497 is-

129 517 202 574 snim
217 509 422 578 exheredatio,
448 515 612 564 testammto
630 500 721 578 fauo,
747 504 855 562 demum
881 505 940 564 adi·
968 519 1031 580 gata
1049 507 1113 578 ipsis
1130 506 1249 579 prodigis
1266 517 1313 565 aut
1331 503 1456 564 obaratis
1473 523 1504 566 ea
1524 507 1699 580 quantitate,
1725 516 1784 578 qum

129 588 204 644 tione
220 579 406 651 confirmetis,
424 575 547 635 mvalida
565 571 666 648 fatum,
684 577 708 632 si
725 575 866 635 institutus
880 576 940 635 adi·
969 583 1051 649 possit
1067 575 1204 636 alimentis
1220 593 1313 635 cortun
1329 573 1468 649 milicem,
1487 578 1505 633 1.
1522 577 1636 701 propi.
1651 581 1737 647 potuit
1755 593 1781 636 a.

130 677 157 715 te
175 653 292 713 noluerit
309 663 434 708 aut-non
451 644 589 720 minerii,
612 647 631 704 l.
651 645 748 718 filium
778 663 820 704 ao.
839 644 880 720 ff.
907 646 939 702 dc
961 645 1000 725 ff.
1015 647 1048 703 do
1066 665 1150 706 nnat.
1166 644 1264 726 farios..
1278 648 1296 706 l.
1316 648 1397 704 malti
1418 645 1458 706 rii.
1468 645 1507 720 ff.
1521 648 1556 704 de
1571 648 1593 704 la
1609 649 1659 706 oris
1687 649 1722 712 et
1737 665 1781 719 po·

130 727 213 784 impr.
230 739 296 794 porr.
314 736 407 779 contra
423 715 480 777 aab.
498 721 527 779 ir
551 715 659 788 querela
685 731 781 776 eontra
807 717 939 777 heredem
968 719 1067 777 scheon.
1086 718 1104 777 l.
1123 723 1147 776 ri
1162 733 1290 790 patronos
1311 731 1349 777 ra.
1368 715 1412 788 ff!
1425 719 1450 775 si
1475 721 1533 790 quic
1559 735 1611 776 non
1638 733 1664 775 a.
1684 715 1724 789 ff.
1750 719 1783 776 o

128 797 287 856 institutum
304 789 440 850 movenda
457 788 513 858 sits
540 805 620 847 nemo
637 801 728 849 autem
746 800 812 848 ante
837 789 939 848 aditio-
967 790 1041 848 bonis
1058 788 1133 850 liber.
1151 803 1172 846 t.
1190 790 1209 846 l.
1227 791 1257 846 ior
1263 787 1468 862 fideicommissa*
1486 786 1512 846 5.
1528 788 1567 860 ff.
1578 806 1641 844 cum
1656 789 1783 848 Pollidius

16 870 18 883 ⁸
129 885 194 928 nem
210 884 240 923 re
258 866 313 932 ipra
331 859 413 921 hares
431 857 487 917 dici
505 872 597 934 queat,
606 873 684 933 atqtte
701 859 769 919 adeo
788 875 875 946 neque
891 875 938 917 ex·
967 859 993 920 5.
1035 861 1094 918 ,ἄν
1111 862 1217 931 usuris,
1236 857 1328 918 Sande
1345 858 1423 917 decit.
1442 860 1537 918 Frisic.
1557 857 1602 916 iil.
1630 856 1657 928 4.
1684 861 1727 918 tlt.
1756 873 1782 918 a.

130 937 280 1000 haredatus
293 951 389 1010 agere,
421 948 508 997 neuue
535 933 676 990 nstitutus
701 932 844 989 conveniri
870 939 936 988 aute
967 934 1000 990 de
1038 929 1090 989 ,5.
1108 929 1234 990 Mantica
1251 929 1284 986 do
1301 932 1424 1058 conpetit.
1443 930 1492 988 ult.
1511 931 1561 988 ool.
1580 928 1625 986 lib.
1644 928 1671 999 4.
1691 935 1735 988 tit.
1755 947 1781 988 a.

100 1011 107 1026 ¹
134 1011 285 1070 aditionem
302 1009 404 1075 posita
421 1003 545 1074 iniquum
562 999 644 1060 fuerit
660 1019 740 1076 agere
757 1001 872 1061 necdum
890 1016 938 1056 va·
967 1003 1045 1078 defin.
1063 997 1091 1060 5.
1109 1004 1151 1058 tit.
1174 999 1215 1059 13.
1234 1019 1309 1060 num.
1331 1019 1340 1057 r
1364 1044 1371 1057 .
1391 1017 1417 1058 ot
1434 1019 1499 1073 seqq.
1517 1002 1684 1070 Carpzovius
1701 999 1781 1074 dorin.

127 1081 198 1140 lenti
214 1075 441 1203 prescriptionem
458 1073 576 1144 incipere
602 1091 715 1132 nocere.
744 1069 888 1143 Unicus,
915 1071 939 1128 si
961 1073 1016 1150 fho.
1032 1089 1102 1145 part.
1121 1069 1148 1129 5.
1166 1075 1269 1130 constit.
1287 1082 1313 1144 9.
1329 1071 1410 1146 defin.
1442 1088 1481 1128 Η.
1508 1070 1641 1131 Merenda
1667 1089 1782 1130 controv.

129 1152 166 1214 de
183 1169 217 1206 vt
229 1165 274 1205 01‘e
291 1143 449 1204 testamenti
465 1148 576 1214 quaetio
592 1146 638 1215 sit,
649 1145 715 1204 dum
731 1141 800 1200 illud
809 1140 938 1202 solemni·
968 1145 1013 1205 lib.
1032 1143 1059 1216 4.
1078 1158 1134 1216 cop.
1154 1144 1194 1205 25.
1212 1139 1557 1203 Ghassenarusodcomuec.
1568 1142 1701 1218 Burgund.
1711 1143 1782 1202 rubo.

129 1223 180 1282 bus
197 1219 355 1279 destitutum
373 1215 549 1274 contenditur
555 1231 569 1280 ;
585 1213 628 1272 vel
646 1214 722 1271 ‘i'itio
740 1214 876 1298 instituto,
886 1211 939 1269 duo
969 1229 994 1290 7.
1011 1210 1036 1292 §.
1055 1233 1082 1274 a.
1101 1213 1174 1274 verb
1192 1215 1245 1270 nisi
1262 1211 1292 1270 ob
1309 1217 1416 1288 aliquas
1443 1234 1470 1271 n.
1497 1228 1523 1268 a.
1550 1212 1601 1273 iul.
1629 1211 1728 1271 Clarus
1753 1207 1781 1290 4.
1887 1255 1897 1262 .
1991 1193 1994 1200 ’

128 1291 199 1352 Titii
216 1286 317 1360 singuli
333 1293 417 1345 exea
434 1291 569 1358 scrtpmra
586 1282 640 1342 sibi
655 1283 771 1342 solidam
796 1283 938 1341 vindicent
968 1301 1158 1345 testarnmtum
1175 1300 1265 1360 quast.
1284 1280 1332 1353 dr.
1356 1302 1382 1341 n.
1411 1297 1436 1356 7.
1454 1282 1614 1343 Charondas
1630 1284 1784 1342 ¹resolutioris

130 1359 331 1424 hareditatem3
341 1359 451 1442 incipiet
468 1357 577 1440 deinum
593 1371 700 1438 currem
715 1351 939 1435 quinquennium,
968 1357 1013 1414 dor
1030 1361 1166 1431 questions
1181 1371 1252 1428 part.
1269 1350 1295 1411 5.
1314 1357 1357 1412 rit.
1376 1347 1418 1413 23.
1437 1358 1466 1412 iot
1475 1353 1528 1430 fin.
1547 1353 1690 1414 leeusoen
1709 1374 1779 1414 cens.

130 1448 165 1494 ex
182 1447 236 1505 quo
245 1427 286 1557 biis
305 1425 373 1555 ὶίὲὲ(1
370 1421 650 1512 prior·dec·tsa3fuerrt
658 1426 699 1552 1ζο
705 1439 797 1554 ma
823 1441 939 1552 opajopet
964 1424 1065 1555 stipent.
1079 1441 1195 1554 partit.
1214 1425 1261 1553 lpb.
1279 1421 1306 1482 5.
1324 1439 1379 1554 σιξ.
1398 1422 1432 1556 {q
1445 1443 1471 1483 rt.
1485 1423 1525 1482 rit
1547 1427 1698 1553 19bgaulus
1712 1425 1783 1552 leet

130 1502 325 1651 fideiussoris,
348 1508 676 1652 qteffgltftndlltldttgtdcgniltt
695 1511 858 1650 protelarnedae
874 1509 939 1648 gates:
968 1493 1408 1652 dad'qdetr'eiddtliitodiediderit
1426 1509 1784 1650 aeccoeetsn'tmgdandaqntffqudsci

131 1661 160 1705 aa
185 1639 341 1712 inpunitum
359 1655 393 1694 ns
411 1633 482 1710 furt,
506 1650 536 1696 ut
553 1653 584 1692 tn
601 1639 696 1696 eadem
712 1635 820 1708 quidem
836 1646 939 1692 constt-
969 1638 1153 1699 exheredatis
1170 1636 1235 1696 talis
1253 1637 1324 1694 bona
1342 1649 1434 1695 mente
1450 1635 1522 1696 ,saue
1541 1636 1599 1694 filio
1616 1656 1673 1695 non
1700 1656 1786 1698 noce·

131 1715 185 1774 tuti
203 1713 342 1786 provincia
360 1710 435 1767 intra
452 1723 499 1767 sex
517 1723 638 1777 nenses,
662 1709 694 1766 in
710 1705 766 1764 alia
783 1719 849 1762 veto
866 1705 941 1761 intra
971 1723 1030 1782 ret,
1048 1708 1073 1766 d.
1093 1710 1112 1766 l.
1132 1712 1156 1766 ti
1169 1724 1295 1778 patronus
1318 1725 1357 1765 ta.
1374 1702 1403 1798 ᾗ.
1421 1709 1445 1764 si
1472 1709 1530 1835 puis
1542 1725 1609 1837 doppp
1618 1705 1783 1836 nzmfflfldo

1492 1797 1541 1837 are
1601 1797 1617 1836 o
1707 1798 1718 1833 ι
1739 1797 1785 1838 am

132 1871 211 1916 suam
226 1854 260 1911 de
277 1852 401 1911 adeunda
415 1845 570 1910 hereditate
588 1848 631 1909 vel
639 1849 802 1920 repudianda
819 1859 941 1903 mentem
972 1850 1029 1911 filio
1046 1869 1103 1909 non
1120 1851 1232 1922 obesse,
1250 1867 1304 1920 quo
1321 1855 1410 1907 miuus
1426 1868 1442 1906 a
1462 1861 1538 1920 patre
1562 1852 1598 1909 ad
1625 1855 1710 1920 ipsum
1736 1853 1785 1910 de·

131 1937 285 1998 exponant,
303 1921 338 1979 sd
356 1919 386 1980 id
402 1919 495 1979 officio
512 1919 606 1992 judids
623 1919 770 1994 adigendi,
796 1915 827 1972 d:
859 1930 940 1984 ψη.
971 1922 1119 1981 volvantur
1136 1918 1194 1993 jum
1212 1931 1388 1994 patronatus,
1405 1935 1485 1992 atque
1503 1921 1572 1979 adeo
1589 1921 1646 1990 ipse
1663 1925 1692 1978 in
1710 1917 1785 1982 bona
1824 1961 1826 1970 ‹

132 1991 158 2076 §.
177 1993 247 2053 illud
261 2009 286 2048 a.
305 1993 331 2048 C.
351 1991 377 2048 b.
394 2007 416 2049 t.
436 1988 501 2050 Non
519 2004 611 2050 tamen
629 1989 779 2048 minoribus
795 1985 880 2044 currit
889 1983 941 2041 hoc
972 1991 1099 2052 libertis
1152 2004 1230 2050 rente
1246 1993 1406 2049 manumissi
1423 1993 1568 2063 succedat,
1595 2005 1627 2049 ut
1653 2009 1689 2052 ex
1713 2009 1781 2050 con-

133 2063 312 2139 quinquennii
330 2075 452 2134 tempus,
478 2061 546 2119 adeo
574 2073 624 2132 ut,
659 2062 721 2132 quia
750 2065 856 2130 integm
879 2054 942 2126 ¹9⁵ss
972 2074 1050 2123 textu
1068 2061 1094 2119 d.
1113 2007 1194 2122 lura.
1213 2063 1242 2118 in
1255 2079 1296 2134 pr.
1314 2061 1378 2121 brt.
1402 2060 1502 2120 Paulus
1529 2059 1573 2134 47.
1593 2057 1632 2132 ffl
1659 2061 1713 2140 eod.
1741 2069 1784 2122 tit.

133 2150 257 2197 servatur
274 2149 353 2190 causa
370 2149 418 2190 sua
436 2133 572 2191 restitutio
590 2133 620 2187 in
647 2131 801 2204 integunt,
828 2143 874 2186 seu
899 2143 941 2182 re·
972 2147 1098 2222 apparet.
1127 2130 1266 2192 stramen
1284 2149 1363 2190 causa
1381 2131 1448 2207 iila,
1464 2131 1501 2188 ob
1524 2149 1605 2202 quam
1631 2132 1784 2195 exhereda-

15 2257 20 2264 .
132 2205 300 2279 dmtegratio
316 2220 402 2262 causae
419 2207 566 2262 necessaria
584 2219 642 2260 non
659 2201 712 2275 sit,
729 2199 748 2257 l·
766 2197 941 2255 adolttcmlla
973 2219 1014 2262 tro
1031 2203 1104 2263 bona
1121 2217 1214 2263 mente
1235 2205 1406 2278 contigerat,
1442 2205 1613 2276 cessaverit,
1633 2205 1730 2263 ¹veluti
1759 2205 1784 2262 ti

135 2291 162 2336 a.
181 2278 211 2332 C.
225 2281 259 2334 ⁴in
276 2271 344 2346 quil.
363 2293 449 2334 causo.
467 2275 549 2331 tostii.
568 2273 598 2329 ln
615 2276 707 2349 inrogo.
726 2285 941 2354 neceranopost.
973 2277 1100 2350 prodigus
1128 2277 1163 2334 sd
1190 2289 1276 2333 mores
1305 2273 1446 2348 meliores,
1478 2271 1595 2332 furiosam
1620 2273 1656 2333 ad
1690 2289 1804 2339 sanam,

132 2347 171 2410 Et
189 2351 255 2419 quin
273 2340 477 2416 majorennibus
503 2361 536 2402 ex
562 2359 661 2418 magna
688 2361 791 2418 quoque
818 2344 847 2400 ἃ
875 2352 942 2423 iusta
974 2359 1091 2406 mentem
1110 2345 1238 2419 redierit,
1257 2357 1304 2402 aut
1324 2365 1375 2405 are
1393 2342 1485 2416 alieno
1504 2357 1637 2420 gravatus
1663 2346 1694 2405 in
1721 2363 1786 2416 pat·

133 2437 232 2490 causa,
249 2417 385 2474 mediante
403 2421 431 2474 iu
450 2422 586 2488 integrum
608 2417 795 2480 restitutione,
824 2427 943 2470 succurit
974 2431 1030 2478 tem
1046 2433 1108 2475 cum
1124 2418 1179 2476 suis
1196 2424 1232 2475 sit
1249 2416 1340 2488 patius
1357 2415 1555 2484 creditoribus5
1572 2416 1687 2477 aliterve
1704 2419 1785 2476 satis-

134 2489 218 2560 possit
235 2488 358 2562 adversus
378 2487 562 2557 ,quinquennii
588 2482 710 2557 lapsum,
734 2481 860 2542 dubitare
888 2497 943 2538 non
975 2486 1106 2561 fecerit,
1127 2505 1182 2544 non
1211 2485 1416 2558 improbabilem
1442 2487 1595 2546 existimem
1621 2487 1787 2545 sententiam

134 2559 203 2618 sinit
221 2557 354 2626 Ulpianus
371 2556 401 2612 in
419 2555 444 2612 ol.
463 2556 481 2612 l.
491 2556 657 2626 Papinianus
674 2551 699 2612 8.
709 2553 747 2624 il.
766 2555 815 2634 ult.
860 2547 903 2609 ·b.
922 2565 943 2608 t.
974 2559 1164 2631 opinantium,
1182 2557 1225 2616 his
1242 2577 1275 2617 eo
1291 2572 1354 2615 casu
1372 2574 1428 2613 non
1446 2573 1503 2614 esse
1519 2553 1676 2628 deneganda
1694 2558 1718 2618 le
1755 2573 1784 2613 m

170 2625 482 2704 ²¹·Quei2121sssuissr
501 2624 651 2685 ¹0ffl⁸¹10¹1
667 2637 708 2686 est
725 2626 760 2684 tlt
779 2643 833 2694 iure
868 2637 944 2679 oma-
976 2627 1104 2689 beneficia
1133 2625 1209 2700 iuxta
1227 2632 1323 2686 tritum
1342 2625 1409 2700 iliud
1454 2640 1575 2698 cesmnte
1601 2645 1682 2684 causa
1729 2625 1786 2685 nali

134 2705 190 2773 no,
208 2699 232 2755 si
249 2712 325 2768 pater
342 2694 399 2770 jure
413 2695 508 2768 ‘patria
526 2702 666 2768 potestatis
685 2693 741 2752 iilis
758 2714 807 2753 suo
825 2691 944 2762 impube·
974 2714 1060 2758 cessat
1078 2719 1092 2756 e
1112 2713 1203 2770 ectus,
1222 2701 1256 2759 cie
1274 2715 1327 2768 quo
1344 2668 1519 2764 Evebardus
1538 2697 1565 2753 in
1583 2697 1688 2769 topicis,
1715 2699 1768 2755 ioco
1777 2741 1807 2772 ,.

134 2773 159 2830 ri
177 2767 342 2828 substituens
359 2765 527 2838 pupillariter
544 2781 715 2839 extraneum,
723 2763 820 2838 pupilli
830 2776 944 2821 matrem
976 2793 994 2826 a
1012 2773 1155 2827 certatione
1172 2771 1282 2826 rationis
1299 2769 1341 2825 bo.
1369 2767 1483 2840 August.
1514 2763 1630 2824 Barbosa
1651 2768 1784 2826 asismat.

136 2841 246 2900 silentio
264 2840 491 2968 praeterieritssceo
508 2838 580 2906 quod
598 2855 653 2894 uon
672 2837 789 2909 pupillus
805 2833 851 2892 sed
870 2847 945 2904 pater
970 2843 1046 2915 juris
1065 2837 1179 2913 uefflaq.
1198 2838 1288 2910 domn
1311 2836 1338 2907 4.
1359 2854 1386 2895 er
1408 2857 1474 2912 seqq.
1501 2832 1680 2913 Tyraquellus
1705 2839 1787 2898 77447,

133 2909 191 2968 tale
209 2921 401 2966 testamentum
462 2910 504 2978 it,
523 2925 571 2965 noc
589 2906 734 2966 tenebatur
749 2919 861 2964 uxorem
869 2919 946 2960 mam
976 2927 1093 2968 certante
1109 2929 1192 2967 cauta
1209 2926 1295 2968 certat
1312 2905 1437 2982 effodiat,
1464 2925 1526 2967 cum
1552 2912 1626 2966 enim
1648 2917 1729 2980 'patet
1756 2913 1787 2966 in

134 2975 302 3040 testamento
319 2993 432 3051 vocare,
449 2978 467 3034 l.
486 2980 649 3048 Papinianus
667 2975 692 3032 8.
720 2969 748 3048 §.
775 2973 823 3032 ted
843 2993 890 3030 nec
917 2973 944 3029 5·
977 2997 1067 3038 casum
1085 2980 1203 3037 cessanti
1221 2979 1297 3038 iliius
1313 2989 1397 3044 cause
1415 2995 1472 3038 non
1490 2985 1655 3052 prospexerit
1681 2997 1729 3040 suo
1754 2977 1788 3041 fi·
1901 3025 1903 3028 -

128 3048 170 3140 ff.
188 3049 215 3106 b.
233 3065 255 3105 t.
274 3052 315 3104 uti
328 3062 383 3104 'nec
419 3049 442 3104 si
457 3046 555 3106 militis
573 3060 764 3107 testamentum
790 3049 843 3117 sit,
870 3045 888 3102 l.
916 3042 946 3098 do
978 3051 1035 3124 lio,
1054 3049 1158 3107 inficias
1175 3051 1210 3106 iri
1228 3050 1331 3121 nequit,
1349 3055 1423 3124 quin,
1441 3067 1473 3108 eo
1489 3069 1555 3109 casu
1573 3055 1725 3124 existente,
1744 3057 1788 3108 in·-

386 3087 412 3175 l.
430 3132 450 3174 t.
469 3115 625 3178 Fachinsus
641 3133 753 3176 controv.
772 3114 817 3172 tib.
842 3111 945 3184 bcap.
977 3119 1128 3180 officiosiun
1154 3123 1194 3177 'sit
1220 3123 1457 3188 testamentum&
1475 3119 1603 3194 iniurium
1627 3125 1656 3177 in
1683 3120 1789 3192 fliium,

134 3189 183 3264 74
201 3199 250 3246 aut
268 3199 376 3245 tantum
391 3189 425 3248 de
441 3192 569 3248 castrensi
587 3187 630 3245 vel
657 3190 732 3260 quasi
754 3189 886 3244 castrensi
903 3203 947 3255 pe·
978 3209 1035 3250 non
1053 3207 1084 3250 ut
1102 3203 1208 3262 oportet
1226 3193 1400 3250 institutum.
1428 3191 1481 3251 Cui
1499 3211 1662 3265 consequens
1678 3205 1739 3264 est,
1756 3203 1788 3251 ut

135 3258 213 3318 sulio
229 3258 370 3316 conditum
388 3257 488 3331 mern,
506 3260 525 3316 l.
538 3277 733 3334 ,testamentum
751 3255 793 3328 ad.
812 3258 830 3314 l.
854 3249 946 3340 ult.§.
980 3277 1148 3335 statuamus,
1164 3261 1362 3334 supersuturam
1380 3259 1474 3319 saltem
1494 3259 1550 3318 filio
1576 3263 1626 3320 tali
1653 3261 1790 3320 abiionem

138 3349 166 3391 ι.
185 3331 214 3388 C.
232 3327 298 3404 b.t.
316 3341 428 3388 testator
445 3331 480 3390 ad
506 3343 624 3388 mortem
652 3347 732 3400 usque
760 3325 958 3387 filiusfamilias.
978 3337 1013 3394 ad
1041 3334 1148 3402 plenam
1178 3332 1302 3408 legitima
1335 3335 1527 3404 proprietatem
1549 3333 1790 3406 consequendam,-

135 3401 313 3470 reuaanserit3
331 3419 396 3458 nam
413 3401 435 3459 si
454 3413 520 3458 ante
537 3415 651 3465 mortem
668 3403 711 3460 sui
726 3397 791 3472 juris
809 3396 893 3456 iatius
906 3415 948 3454 es-
980 3403 1082 3476 reiiqua
1101 3403 1266 3462 hetoiiuatis
1284 3417 1359 3476 parte
1377 3420 1458 3475 penes
1473 3413 1583 3473 nepotes
1592 3406 1734 3460 institutos
1747 3419 1791 3460 re·

43 3475 45 3478 ’
70 3497 73 3504 ·
136 3486 196 3546 set,
222 3469 334 3544 quaerela
352 3471 426 3530 locus
443 3469 532 3542 foret,
567 3483 689 3531 cessante
716 3467 771 3542 jam
788 3467 885 3538 peculii
902 3483 948 3524 ca·
979 3488 1130 3533 manente.
1158 3476 1228 3533 Cum
1244 3481 1319 3534 enim
1335 3473 1438 3545 aliquid
1456 3471 1507 3529 hoc
1524 3485 1590 3529 casu
1601 3468 1790 3545 filioreli'btum

137 3545 250 3601 arensis
266 3545 296 3602 ἃ
313 3545 389 3610 quasi
405 3545 550 3608 castrensis
577 3555 694 3613 natura,
722 3546 850 3611 nomine,
878 3540 906 3598 ἂ
933 3554 950 3593 a
979 3550 1034 3616 sit,
1052 3559 1132 3619 puta,
1156 3543 1307 3618 alimenta,
1333 3557 1360 3602 at
1381 3565 1414 3601 ue
1436 3545 1477 3599 ita
1503 3543 1591 3600 videri
1618 3553 1734 3614 nequeat
1760 3551 1790 3602 in

138 3613 220 3672 rebus
236 3613 332 3670 ceteris
348 3611 587 3686 astinenum.
606 3609 805 3680 l.-Popinianrco
822 3603 949 3684 8.§.Pa-
980 3617 1138 3674 uniuersum
1155 3619 1305 3686 preteritus
1340 3563 1441 3673 adsoni
1459 3614 1544 3687 nugis
1561 3611 1597 3670 'od
1621 3621 1670 3682 sup
1688 3612 1790 3670 lemen.

136 3677 264 3762 piniapat
283 3679 309 3739 5.
327 3681 361 3744 tt
378 3681 406 3752 4.
417 3681 456 3754 ff.
475 3681 501 3740 b.
519 3699 539 3739 t.
559 3679 615 3742 Sed
632 3685 678 3738 vix
695 3695 755 3753 est,
778 3694 808 3739 ut
827 3679 882 3738 lise
899 3695 949 3735 ηο-
982 3699 1039 3742 tum
1062 3701 1144 3756 quam
1170 3685 1281 3756 querele
1308 3655 1382 3742 locus
1408 3683 1530 3743 dandus.
1560 3681 1630 3742 Vide
1685 3697 1712 3740 es
1748 3699 1791 3741 ns.

138 3765 199 3814 stro
216 3771 272 3826 Jure
289 3751 422 3811 hodierno
448 3751 649 3824 admittantur,
675 3763 735 3808 tum
763 3763 869 3821 propter
889 3768 950 3834 fes·
980 3757 1074 3815 turne.
1093 3753 1170 3814 Hoii.
1187 3771 1256 3827 past.
1279 3696 1791 3836 r.c0ntl.„178.iu1.cnmmd⁰te-
1896 3789 1899 3796 ·

139 3834 248 3882 sautem
265 3821 339 3880 illam
351 3821 519 3903 pecudiarem
535 3828 653 3894 patriam
668 3834 950 3949 potestatemsscurm-
982 3842 1145 3884 trumentum
1162 3841 1250 3900 quast.
1269 3825 1313 3896 4ι.
1332 3841 1406 3884 num.
1424 3839 1450 3899 7.
1577 3851 1580 3858 ·
1789 3837 1793 3846 ’

139 3891 280 3953 nitebatur
297 3895 330 3954 de
347 3909 406 3963 rure
424 3893 552 3956 Romano
578 3893 693 3967 singulis
719 3891 767 3948 ilia
794 3911 825 3950 su
845 3894 952 3949 stitutio
1019 3893 1061 3952 25.
1081 3895 1212 3967 Pracipue
1229 3911 1319 3955 autem
1329 3895 1398 3971 juste
1406 3895 1569 3954 exheredati
1579 3891 1705 3954 censendi
1715 3909 1789 3972 sunt,

139 3962 298 4038 pupillaris,
314 3977 376 4024 tum
393 3971 456 4036 quia
474 3971 502 4024 in
522 3966 585 4035 ipsis
604 3980 706 4036 quoque
724 3963 843 4022 militum
869 3974 951 4022 testa·
981 3968 1086 4040 quoties
1102 3985 1138 4026 ex
1157 3969 1222 4026 satis
1238 3971 1317 4041 gravi
1334 3971 1362 4028 br
1381 3983 1445 4024 veta
1464 3967 1668 4038 ingratitudinis
1693 3979 1792 4042 causa,
1894 4015 1897 4020 .
1994 4025 2006 4035 ,,

138 4039 242 4094 mentis
258 4035 366 4104 pietatis
382 4035 476 4116 officia
493 4035 565 4094 haud
584 4037 774 4095 videaturaut
792 4033 952 4109 neglienda
983 4051 1145 4096 testamento
1171 4039 1290 4111 inserta,
1315 4041 1345 4098 dc
1370 4047 1418 4108 pet
1444 4029 1574 4105 haeredem
1599 4033 1731 4112 probata,
1755 4041 1794 4100 ab

139 4118 191 4163 aut
208 4105 389 4179 remittenda,
407 4103 619 4181 Groeneuoegen
637 4105 678 4163 ad
691 4106 710 4163 l.
737 4119 764 4180 9.
794 4105 827 4169 (³5
851 4053 903 4164 ult.
925 4105 951 4162 C.
984 4109 1139 4166 haereditate
1155 4106 1265 4166 ficerunt
1287 4107 1408 4167 excissi.
1435 4103 1549 4180 Siquid
1568 4105 1663 4165 horum
1681 4125 1792 4179 prater-

138 4173 170 4232 b.
191 4187 211 4230 t.
229 4171 326 4233 Paulus
344 4175 417 4234 Voet
435 4178 475 4234 ad
488 4173 515 4255 4.
535 4177 584 4236 ulr.
602 4177 695 4236 Instit-
712 4175 738 4234 l.
753 4193 778 4236 r.
803 4198 830 4236 n.
858 4176 907 4234 ult.
925 4179 954 4232 in
984 4181 1096 4236 missum
1117 4174 1214 4250 fuerit,
1232 4179 1298 4237 dum
1318 4177 1362 4238 vel
1380 4195 1460 4237 causa
1478 4183 1578 4237 inserta
1595 4193 1651 4236 non
1669 4191 1725 4255 est,
1747 4181 1793 4240 sed

136 4259 182 4318 pr.
201 4242 369 4314 Sintonvan
387 4245 528 4308 wuston
546 4269 613 4308 cons.
633 4243 687 4324 for.
710 4259 781 4319 port.
802 4267 825 4307 r.
851 4243 898 4305 lib.
926 4239 953 4301 5.
985 4263 1092 4306 tantum
1114 4249 1230 4322 allegata
1280 4248 1442 4310 rhsredem
1460 4253 1489 4309 tir
1509 4249 1641 4329 probata,
1659 4248 1701 4308 vel
1725 4251 1793 4310 alie-

140 4325 201 4386 cap.
219 4313 248 4386 4.
265 4335 292 4373 n.
311 4307 355 4374 30.
748 4385 757 4400 ⁰
1004 4335 1048 4378 ata
1066 4321 1220 4392 quidem,s
1272 4323 1419 4378 nonsatis
1449 4327 1538 4394 gravis
1568 4341 1600 4380 ac
1631 4333 1722 4392 Justa;
1749 4319 1792 4380 vel

178 4403 222 4444 aa.
240 4387 337 4447 Cessat
372 4405 458 4462 uoque
510 4387 602 4462 erola,
628 4391 651 4447 si
670 4395 729 4460 quis
746 4401 814 4459 ruste
840 4386 955 4447 exhare-
1020 4391 1099 4462 nique
1116 4408 1238 4463 expressa
1257 4393 1386 4464 quidem,
1404 4411 1461 4466 qua
1478 4393 1544 4450 satis
1566 4395 1657 4468 ‘gravis
1685 4391 1793 4468 legisla-

140 4460 223 4518 datus
239 4461 296 4527 sit;
368 4460 450 4519 utisi
501 4478 556 4519 ona
573 4471 665 4518 mente
692 4460 722 4520 id
749 4459 850 4520 nuum
875 4455 956 4518 fuerit
987 4461 1093 4519 toribus
1111 4467 1170 4519 visa
1189 4475 1247 4531 est,
1273 4463 1320 4522 teti
1347 4465 1376 4522 in
1404 4460 1478 4536 cujus
1503 4461 1666 4536 probatione
1692 4460 1793 4522 defecit
1852 4517 1858 4531 ,

141 4529 243 4600 absque
260 4531 396 4601 proposito
413 4527 594 4600 ludendum·
645 4543 724 4590 ntum
740 4531 822 4591 multi
839 4546 956 4588 nonno·
988 4527 1087 4604 hares,
1104 4531 1214 4604 querela
1233 4531 1307 4591 lotus
1323 4539 1395 4602 etita
1413 4534 1451 4590 sic
1471 4535 1528 4590 uti
1562 4548 1608 4591 ata
1628 4532 1738 4607 quidem
1746 4530 1795 4590 fir-

139 4615 180 4660 τε
196 4617 278 4658 carna
295 4619 356 4658 suos
373 4599 580 4660 eahamdabant
616 4599 683 4664 lios:
712 4623 761 4662 nec
787 4613 818 4660 ut
835 4600 957 4657 obessent
989 4619 1032 4659 ma
1050 4613 1194 4662 maneant
1220 4604 1265 4663 md
1291 4605 1430 4663 institutio
1455 4623 1535 4662 secun
1556 4621 1602 4662 um
1629 4614 1693 4660 ante
1720 4600 1794 4661 diua

144 4674 205 4744 eis,
221 4671 270 4730 sed
287 4672 372 4744 magis
389 4685 421 4730 ut
438 4671 631 4739 consulerent3
657 4673 707 4747 (ut
727 4685 792 4744 puta
811 4669 957 4742 impuberi*
990 4671 1161 4732 infirmatur.
1181 4644 1333 4734 lss‘rrone'um
1352 4693 1467 4748 namque
1485 4685 1544 4746 est,
1571 4671 1677 4732 nullum
1701 4673 1735 4730 iis
1765 4673 1797 4729 in
1829 4747 1831 4752 ,

144 4743 201 4803 bus
216 4741 254 4799 ob
270 4755 375 4800 metum
387 4739 560 4814 insidiarum)
568 4743 658 4814 eisque
668 4742 897 4803 fideicommissa'm
906 4739 959 4798 ha·
990 4742 1093 4802 casibus
1112 4741 1172 4804 fore
1192 4757 1403 4820 testamentum,
1421 4748 1517 4817 quippe
1533 4743 1624 4818 quod,
1651 4747 1692 4802 uti
1721 4741 1796 4800 nulla

144 4815 295 4876 testatem
312 4811 433 4900 dabam.
459 4809 697 4886 Quemadmodum
715 4818 744 4876 δι
768 4814 843 4875 ‘idios
867 4811 960 4887 prodi·-
992 4811 1050 4890 lege
1065 4816 1172 4878 novella
1191 4829 1300 4910 cautum
1317 4831 1377 4891 est,
1396 4821 1436 4878 ita
1453 4811 1598 4877 manifeste
1617 4813 1683 4874 satis
1702 4815 1801 4874 redas-²
