4012 5344
674 235 724 302 Aa
741 223 1060 316 Senoiuseonruitum
1079 221 1292 322 l'eliejonunt.
1706 229 1756 328 ’99

143 343 179 393 re
193 323 383 400 mmpeteotes
400 333 499 397 pretor
516 341 573 388 non
590 325 682 400 dabat,
699 326 747 387 ubi
763 343 808 386 eas
824 329 960 398 esceptio-
990 333 1064 388 exose·
1085 343 1125 400 ¹7·
1141 343 1181 400 pe.
1200 329 1309 387 iamed.
1322 325 1360 401 ff.
1371 328 1398 388 i.
1417 341 1437 387 Ι.
1457 323 1580 388 Sirniiem
1590 323 1802 387 sone‘faiiorum

142 419 180 462 ase
195 397 334 462 eliciendas
350 417 405 460 esse
422 411 529 458 certum
545 414 624 466 erat,-
642 413 723 473 etque
748 401 857 470 insuper
874 413 960 458 totam
989 401 1175 460 diversitatem
1199 397 1241 472 jus
1265 405 1401 462 diversum
1427 405 1637 461 constituentem
1656 397 1804 458 observare

140 488 253 534 senstus
266 469 406 548 improbes
421 469 635 546 obligationem.
648 472 680 527 Ἰ.
698 472 722 527 ri
749 473 846 530 mulier
869 487 961 528 contro
990 469 1052 530 lieet
1070 477 1099 530 in
1116 473 1134 530 Ι.
1152 472 1201 531 ult.
1219 469 1245 546 Ι.
1264 477 1329 533 item
1346 477 1372 530 ci
1388 472 1485 530 mulier
1501 487 1528 530 Ι.
1540 466 1578 542 ffi
1595 469 1621 528 b.
1641 485 1660 526 Ι.
1680 465 1763 540 iunci.
1782 469 1801 526 Ι.

144 539 188 600 16.
206 541 245 611 ff.
263 547 288 600 ΙΙ·
304 537 340 598 ab
357 559 391 596 ec
402 559 435 599 .r.
454 546 484 599 irc
493 537 550 616 fiee
567 542 600 613 ff.
619 541 644 598 Ι.
662 557 683 597 Ι.
702 559 734 598 ac
744 545 861 620 <lenique
878 541 961 616 vulgo
990 543 1255 602 &caturconcrrlrrcm
1271 543 1298 615 Ι.
1316 544 1351 604 Ο.
1370 543 1396 602 Ι.
1413 560 1434 601 Ι.
1451 546 1474 601 sl
1490 544 1567 603 enim
1583 540 1681 600 mulier
1694 538 1729 598 ab
1746 541 1802 597 ini-

141 611 267 674 obtineat
295 609 403 670 nullum
419 629 484 686 esse,
501 615 573 684 quod
589 625 687 672 contro
705 613 774 687 leges
786 623 893 694 gestum
909 625 961 685 est,
990 621 1030 672 tio
1046 614 1261 688 simplicitersue
1279 617 1376 686 predia
1386 615 1548 686 vendiderit,
1564 613 1663 671 deinde
1679 627 1729 681 pro
1741 627 1798 668 ma-

141 685 162 744 Ι.
179 702 231 746 uon
247 655 359 744 ditem
375 681 401 739 5.
420 683 453 743 C.
472 686 505 738 de
521 683 637 759 legibus,
665 684 709 742 hic
726 698 820 748 tamen
839 681 959 756 plenus,
989 692 1045 746 rito
1060 687 1275 759 pecrrniamiude
1292 685 1427 746 redaiism
1435 684 1557 759 solverit,
1575 686 1799 742 intercessionon

143 764 276 828 sonipes
293 751 369 825 pirre,
387 754 433 812 sei
450 753 508 810 sola
524 758 689 824 exceptionis
706 767 759 825 ope
774 775 821 817 ets
836 769 959 814 tutases⁴
988 775 1046 830 est,
1063 756 1206 826 deficitque
1222 756 1355 816 auxilium
1372 753 1619 828 senatusconsulti,
1636 752 1663 809 d.
1682 753 1700 810 Ι.
1719 751 1745 823 Ι.
1764 751 1798 812 C.

56 861 58 866 ·
143 843 191 900 se,
209 831 228 886 Ι.
246 825 289 896 do.
302 819 478 908 ffldgceee
496 823 581 882 secer.
600 827 617 882 Ι.
636 830 793 896 exceptiones
821 839 847 898 7.
867 822 904 894 Ι.
936 840 957 882 r.
988 829 1016 887 i.
1034 845 1054 885 Ι.
1073 830 1119 888 sed
1136 830 1158 884 sl
1177 824 1292 886 fundum
1310 845 1388 886 suum
1404 829 1498 886 stetim
1515 825 1551 885 ab
1577 826 1660 882 initio
1682 840 1714 881 ea
1741 823 1799 897 lege
1913 881 1920 890 ,

142 895 177 954 ΙΙ
188 899 332 968 exception.
349 898 401 950 urai
418 911 452 952 ex
470 899 548 952 novis
565 895 668 966 legibus
693 897 753 958 sin'e
779 897 889 975 publico
917 901 959 954 in·
987 900 1155 970 distraxerit,
1172 910 1203 956 ut
1219 899 1334 966 pretium
1348 899 1456 957 cederet
1473 915 1522 970 pro
1530 895 1624 955 debito
1640 895 1745 966 mariti,
1756 891 1798 952 vel

143 978 301 1094 ztrmrreulto,
314 953 540 1040 intercessissent,
566 969 591 1094 l.¹
603 971 719 1058 cecique
736 968 787 1028 25.
798 965 827 1044 Ι.
854 967 906 1052 ult.
923 968 957 1026 C
987 975 1070 1030 etism
1088 968 1216 1096 ἀῗδέἱεὸης
1224 971 1359 1052 extranei,
1376 971 1499 1029 venditio
1515 981 1612 1025 contra
1622 977 1798 1092 egnatusconli

143 1051 727 1197 mrsuretrusisse
744 1040 958 1188 sttuite
987 1039 1476 1195 remansissemus·
1487 1029 1640 1178 isi
1649 1031 1798 1194 trist.

142 1195 188 1239 urs
207 1179 284 1250 nurse
300 1177 404 1235 suxiiio
420 1175 556 1236 debebant
573 1176 694 1251 defends,
712 1183 731 1238 Ι.
753 1201 776 1244 1.
793 1181 829 1242 G.
847 1199 880 1238 ne
893 1197 958 1238 ecoe
987 1183 1015 1240 dr
1033 1183 1090 1252 ipsa
1106 1177 1204 1239 multer
1220 1193 1297 1240 extra
1314 1180 1408 1241 dolum
1424 1183 1476 1252 sit,
1502 1177 1590 1238 adhuc
1611 1191 1799 1246 exceptionem

143 1265 190 1320 pre
207 1253 328 1308 merite«
986 1253 1013 1311 ei
1031 1253 1152 1320 dandam
1168 1249 1268 1322 placuit
1303 1249 1427 1312 silvie
1441 1253 1518 1310 uxori
1540 1263 1581 1323 17.
1607 1263 1646 1319 pr.
1666 1245 1704 1318 ᾖ
1732 1243 1756 1303 i.
1777 1262 1798 1302 Ι.

178 1335 206 1378 a.
222 1319 344 1390 Opponit
362 1313 433 1374 hanc
442 1321 628 1398 exceptionem
638 1339 693 1384 non
705 1337 812 1384 tantum
831 1323 956 1392 ipsamu·
986 1329 1008 1380 si
1027 1338 1091 1382 vero
1109 1320 1157 1378 iiia
1176 1289 1362 1382 fraudulenter
1371 1323 1440 1392 apud
1457 1319 1636 1382 creditoreml
1655 1329 1799 1376 notantem

142 1387 205 1463 liet,
222 1391 267 1450 sed
285 1393 314 1450 dr
332 1379 457 1472 herillus,
470 1403 504 1470 ἃς
520 1387 702 1466 fideiussores,
719 1403 775 1453 sive
791 1411 826 1453 cx
842 1390 957 1447 mansla-
986 1393 1185 1466 intercesserit,
1203 1411 1258 1450 non
1275 1403 1316 1452 est
1332 1391 1467 1450 obstitura
1483 1390 1611 1470 creriitori
1678 1405 1694 1444 c
1721 1404 1798 1446 erce·

141 1474 174 1544 to
191 1461 312 1520 mulieris
328 1473 378 1526 pro
393 1473 425 1514 ea
443 1457 638 1543 irdepttserint,
664 1468 722 1524 sive
740 1472 799 1524 sine
825 1461 958 1519 mandato
987 1469 1053 1534 ptio,
1070 1463 1136 1522 dum
1155 1461 1225 1522 sorte
1243 1475 1373 1534 tanquam
1391 1465 1419 1520 in
1439 1476 1501 1520 usus
1518 1477 1580 1520 suos
1596 1462 1739 1531 pecuniam
1756 1475 1801 1515 ac·

132 1547 218 1616 error
235 1535 297 1603 ‘iuli
315 1537 423 1584 ”nitus
440 1539 530 1610 totam
547 1529 714 1598 improbavit
738 1535 956 1611 obligetionem,
986 1539 1067 1606 cepit,
1084 1532 1132 1589 alli
1149 1533 1304 1608 crediturrs3
1321 1532 1512 1613 quisalioquin
1531 1548 1611 1589 nemo
1627 1545 1690 1588 cum
1707 1523 1795 1586 soemi·

143 1601 302 1670 voluntque,
320 1595 391 1682 Μῦς
408 1609 595 1665 excei‘twnem
613 1602 642 1658 in
660 1621 726 1677 retn,
745 1623 801 1664 non
820 1611 850 1663 in
868 1617 957 1676 perso·
987 1605 1031 1661 nis
1049 1601 1239 1679 contraheret,
1256 1621 1319 1663 cunr
1338 1607 1457 1677 ignorari
1476 1603 1577 1674 possit,
1603 1601 1668 1674 quid
1695 1596 1794 1660 seium

142 1687 209 1732 mm
225 1690 303 1742 esse,
322 1669 340 1724 l·
359 1688 383 1724 se
400 1667 496 1724 moire
517 1666 557 1724 16·
576 1661 604 1757 Ι.
625 1685 650 1756 3.
662 1672 700 1748 ff.
719 1676 746 1733 h.
765 1692 784 1733 Ι.
804 1673 830 1732 Ι.
849 1675 868 1733 Ι.
886 1689 957 1730 exce-
986 1673 1053 1744 sint,
1071 1671 1091 1730 Ι.
1109 1675 1133 1728 ri
1150 1674 1246 1731 ruoiiee
1266 1691 1306 1731 rr.
1326 1674 1344 1732 Ι.
1364 1673 1431 1732 bono
1442 1671 1498 1745 fide
1516 1687 1559 1744 ²7.
1572 1666 1609 1742 ff.
1625 1671 1649 1730 b.
1668 1686 1689 1726 Ι.
1709 1667 1801 1728 Utta-

142 1748 286 1870 dndrrdd'
302 1731 478 1867 {bihffibdj
493 1739 688 1870 'fflmff'
707 1745 737 1874 lF
745 1749 846 1875 riiocolr
862 1759 905 1872 gro
917 1741 958 1829 ιβ.
987 1759 1049 1802 men
1066 1742 1227 1870 creditolrem
1243 1747 1405 1872 oporzettln
1423 1743 1585 1869 inquirengo
1597 1740 1798 1869 diffindi-'⁶¹¹²

146 1851 192 1942 dr.
211 1831 243 1938 Z
264 1831 289 1940 ΙΙ.
308 1829 596 1952 psGrbtrus'enaned
606 1833 770 1958 adcd'rdrisrf.
781 1835 858 1943 clloll.
875 1829 956 1942 libnd.
986 1825 1663 1968 &dudleb‘tlblgndgndlsdnngrvsdidibddmcudtt’non
1680 1827 1800 1968 tdrrrlgfdt:

142 1969 209 2024 sep.
238 1972 293 2038 ηε.
314 1947 356 2008 18.
377 1960 419 2021 tp
438 1948 566 2036 osen.
578 1950 667 2011 Faber
684 1902 798 2014 coditi.
817 1955 844 2028 Ι.
861 1957 957 2014 tinas.
986 1952 1038 2010 cile
1054 1969 1088 2012 eo
1104 1969 1168 2011 cem
1186 1956 1349 2024 ignorantie
1366 1953 1497 2030 allegatio
1512 1966 1561 2012 sut
1583 1962 1735 2025 presumtio
1752 1952 1800 2010 ad-
1860 1974 1865 1986 ,

143 2023 220 2096 dfin.
240 2037 265 2096 7.
285 2041 307 2080 ts
323 2039 358 2093 qu
396 2038 428 2078 ue
444 2038 503 2093 qur,
519 2027 581 2078 cum
589 2023 697 2082 debitor
713 2027 834 2086 mulieris
852 2042 957 2082 nones·
986 2025 1132 2096 mittatur,
1146 2022 1175 2079 d.
1194 2025 1213 2082 Ι.
1231 2027 1273 2082 nir
1291 2029 1364 2083 exori
1385 2039 1426 2098 17.
1440 2038 1479 2095 pr.
1492 2021 1529 2098 ff.
1548 2022 1574 2082 i.
1592 2039 1617 2080 Ι.
1630 2019 1735 2082 Confer
1743 2019 1800 2080 Cu·

143 2093 359 2222 satulli}
377 2091 514 2234 ciffi
530 2087 958 2296 iit‘iytlti‘dtirtr
987 2091 1595 2292 iirssrisirrii‘rrffl'·
1624 2105 1665 2167 ¹⁷·
1676 2090 1719 2163 Ι
1731 2092 1749 2149 ⁶
1751 2133 1759 2148 ·
1777 2110 1799 2151 ²·

764 2192 775 2226 Ι
950 2205 957 2220 ·
1385 2207 1393 2224 e
1430 2207 1437 2220 e
1469 2207 1476 2222 s
1514 2207 1520 2223 .
1578 2203 1584 2220 e

144 2228 172 2308 §-
189 2233 239 2290 red
252 2239 276 2292 ri
294 2237 317 2290 ic
335 2231 363 2301 Ι.
379 2231 413 2294 (r
430 2229 457 2312 §.
475 2233 562 2291 cedri
578 2254 641 2292 cem
676 2237 734 2310 ,ff
749 2236 775 2296 i.
794 2255 814 2296 Ι.
832 2243 957 2314 quiveex
1022 2234 1049 2306 d.
1067 2234 1318 2306 Ceterumassegari
1335 2249 1421 2296 notest
1432 2234 1485 2295 lucc
1501 2255 1526 2295 e.
1554 2234 1630 2306 eptio
1644 2249 1700 2291 non
1717 2233 1800 2294 modo

70 2341 72 2345 .
144 2304 267 2364 mulieris
284 2306 414 2363 mandato
431 2319 480 2376 pro
496 2302 558 2361 aliis
575 2307 744 2380 intercessit,
772 2311 794 2366 si
821 2309 903 2366 modo
928 2307 957 2360 in
987 2317 1053 2363 ante
1069 2308 1099 2368 or
1114 2315 1175 2376 post
1193 2305 1271 2364 litem
1286 2301 1486 2380 contestatam,
1503 2307 1550 2366 sed
1567 2307 1597 2366 dr
1615 2317 1673 2375 post
1690 2315 1800 2362 senten·

145 2374 220 2436 bona
238 2376 290 2435 fide
317 2377 372 2445 sit,
400 2379 509 2448 ignms
525 2377 555 2432 in
583 2372 705 2438 fraudem
733 2375 957 2440 senatusconsulti
988 2379 1075 2447 tiam,
1091 2377 1126 2434 sd
1145 2377 1339 2448 impediendam
1356 2380 1545 2437 executionem
1561 2375 1628 2446 ejus,
1647 2376 1665 2430 Ι.
1685 2389 1800 2462 tomen,

59 2475 63 2484 ·
144 2445 237 2520 flagi
254 2464 270 2503 a
287 2446 438 2518 creditore,
455 2455 487 2502 ut
504 2445 591 2514 ipsum
608 2451 695 2516 potius
721 2447 835 2508 haberet
852 2447 958 2519 obliga·
988 2451 1012 2504 ri
1032 2461 1072 2503 ir.
1082 2443 1121 2534 ff
1139 2446 1172 2526 eje
1190 2461 1322 2507 rruturc.
1350 2448 1492 2506 Macedon.
1519 2449 1590 2506 Cum
1614 2449 1689 2504 enlm
1715 2445 1800 2504 soluit

144 2531 204 2576 tum
221 2533 304 2588 quam
320 2515 457 2574 mulierem
473 2527 569 2574 contra
585 2520 847 2579 senatusconsultum
874 2523 958 2575 inter·
987 2521 1117 2585 repetitio
1133 2516 1239 2576 mulieri
1257 2519 1382 2590 detur,l.
1417 2521 1446 2576 ei
1461 2521 1637 2588 exceptionem
1652 2516 1696 2586 do.
1708 2511 1746 2586 ff.
1765 2515 1798 2570 de

144 2591 312 2738 verrieotetn6
329 2588 346 2666 Ι.
366 2589 391 2642 ΙΙ·
399 2585 571 2660 fidejussores
588 2587 616 2646 6.
635 2591 652 2647 Ι.
672 2595 695 2658 ri
711 2589 854 2662 decipiendi
869 2585 912 2646 50.
929 2581 964 2660 Ι.
987 2587 1097 2646 condid.
1116 2585 1200 2645 indeb.
1217 2587 1281 2648 dolo
1297 2588 1371 2646 malo
1390 2541 1596 2660 decreturum,
1612 2587 1800 2646 executionem

145 2677 172 2720 r.
192 2663 210 2718 Ι.
229 2663 261 2718 ul
270 2702 278 2717 .
314 2701 320 2716 .
339 2660 363 2715 ri
379 2660 477 2716 mulier
494 2653 521 2715 5.
537 2655 571 2728 ffi
589 2657 615 2716 b.
634 2675 655 2716 Ι.
987 2659 1127 2718 sententie
1145 2656 1198 2716 sibi
1216 2657 1285 2716 solvi
1303 2660 1467 2732 desiderans,
1487 2659 1557 2730 quod
1576 2675 1637 2715 mot
1656 2657 1800 2715 restitutu-

157 2733 160 2742 '
179 2730 207 2791 3.
225 2731 381 2824 {ipponitur
397 2730 544 2815 modroni,
562 2747 596 2787 err
622 2732 813 2822 intercessione
838 2728 958 2814 mulieris
986 2747 1032 2787 rus
1048 2739 1108 2802 est,
1127 2729 1144 2784 Ι.
1163 2725 1305 2859 dohsocit
1320 2731 1347 2787 8.
1388 2771 1394 2784 .
1414 2729 1447 2785 de
1463 2729 1517 2787 doli
1535 2727 1653 2815 maliis
1671 2731 1733 2786 incr.
1752 2747 1798 2814 ee-

143 2819 238 2880 egomt
273 2809 296 2862 si
315 2819 338 2858 ss
354 2797 494 2858 mulierem
512 2801 677 2860 intercedere
695 2821 751 2860 non
773 2811 957 2876 ignoraverit,
988 2813 1051 2869 cept.
1070 2791 1209 2866 Responsa
1240 2817 1319 2858 urtsc.
1385 2799 1415 2857 li.
1431 2813 1490 2871 per.
1511 2819 1534 2858 r.
1551 2801 1639 2857 costel.
1663 2811 1724 2874 29s.
1742 2795 1799 2855 lta·

144 2875 163 2930 l.
185 2888 208 2931 r.
262 2873 314 2931 .b.
333 2886 354 2928 Ι.
389 2870 409 2925 Ι.
437 2872 520 2925 immo
537 2884 601 2926 conc
625 2889 664 2929 rs.
683 2873 701 2928 Ι.
725 2875 795 2950 Sejo
822 2873 957 2942 mancipio
986 2887 1039 2942 que
1056 2869 1197 2942 opposita,
1216 2867 1258 2928 vel
1275 2867 1370 2928 saltem
1386 2879 1573 2944 competente,
1592 2871 1654 2927 licet
1672 2872 1796 2938 opposita

122 2942 189 3004 ,aii
206 2939 232 3022 d.
254 2963 277 3004 ι.
290 2941 327 3015 ffi
344 2940 370 2997 i.
387 2956 407 2995 r.
426 2945 467 2997 uti
484 2941 514 2998 dr
531 2936 622 2999 heredi
649 2936 707 3007 elus
753 2961 810 3022 arg.
839 2942 859 2999 Ι.
886 2939 962 3012 opud
988 2940 1101 2998 necdum
1118 2939 1163 3009 sit,
1181 2939 1360 3000 creditoribus
1377 2943 1406 3000 in
1424 2943 1552 3012 pristinos
1569 2939 1748 3000 debitores&
1767 2937 1799 2996 fr·

145 3015 251 3074 Celsum
269 3013 295 3086 l,
312 3008 337 3088 d.
356 3007 483 3068 edocerer
494 3023 616 3078 parentes
646 3011 686 3068 16.
696 2985 735 3084 ff
753 3015 787 3072 eie
813 3011 867 3070 doli
889 3011 958 3068 moli
986 3005 1133 3076 defessores
1149 3005 1220 3068 seito
1238 3011 1392 3085 reviviscit,
1410 3011 1453 3073 vel
1470 3013 1632 3082 restituitur,
1649 3012 1672 3068 si
1690 3029 1736 3082 per
1753 3027 1799 3066 oc·

145 3083 180 3150 dd
199 3101 262 3143 mor.
278 3099 373 3153 recept.
390 3075 452 3136 Noc
468 3076 511 3135 his
527 3079 683 3140 adversatur
700 3091 855 3157 rescriptum
873 3080 956 3154 lmpp.
987 3081 1123 3137 racionem
1139 3083 1338 3140 intercessionis
1354 3081 1474 3142 extindla
1492 3083 1528 3140 sit
1557 3081 1599 3140 vel
1616 3083 1650 3140 cle
1668 3096 1798 3138 novons·

147 3158 178 3213 in
197 3157 216 3214 Ι.
235 3160 258 3214 si
265 3153 390 3230 fenebris
411 3144 452 3206 13.
470 3147 507 3230 C,
521 3147 546 3208 b.
565 3165 584 3205 Ι.
603 3167 665 3208 cum
691 3150 791 3229 ajunt,
818 3153 957 3210 mulierem
987 3153 1080 3220 scitur,
1096 3152 1119 3208 si
1137 3167 1186 3220 pro
1202 3149 1270 3222 alio,
1284 3151 1406 3223 alioquin
1424 3125 1608 3222 contradluro,
1624 3151 1797 3210 muliercon·

144 3225 247 3286 arcente
261 3245 371 3300 porrum
387 3236 441 3275 non
455 3217 604 3292 adjuvari,
622 3221 682 3278 licis
708 3225 819 3284 creditor
845 3243 957 3283 coerom
988 3221 1118 3292 traxerit,
1146 3218 1229 3280 veluti
1262 3234 1387 3281 mutuum
1413 3224 1572 3296 accipiendo
1597 3239 1646 3292 pro
1671 3241 1723 3290 eo,
1749 3221 1797 3291 qui

82 3350 102 3374 χ
145 3301 297 3362 centullus
315 3315 367 3354 non
383 3289 522 3364 paeonis.
541 3286 653 3350 Etenim
671 3296 713 3352 vel
749 3314 780 3354 ro
797 3295 857 3352 licet
881 3311 957 3363 repo
988 3302 1112 3350 mutuum
1130 3308 1191 3349 suos
1207 3293 1238 3350 in
1255 3309 1317 3352 usus
1336 3291 1427 3353 suisset
1440 3309 1501 3352 acce
1519 3307 1612 3352 turus.-
1629 3292 1647 3349 Ι.
1670 3311 1693 3350 r.
1710 3289 1737 3368 β.
1750 3295 1781 3350 ul
1793 3334 1800 3349 .

145 3373 266 3431 neudum
284 3371 338 3428 nlrr'
353 3378 415 3424 cum
433 3357 633 3434 Hottominno,
650 3366 679 3423 ἃ
743 3360 962 3424 issenbaciriood
988 3362 1008 3420 Ι.
1023 3362 1146 3433 quemvis
1162 3357 1188 3418 8.
1205 3355 1231 3436 ᾗ
1249 3383 1332 3436 quarn
1348 3385 1414 3421 uam
1434 3379 1476 3421 rr.
1546 3383 1611 3435 seqq.
1639 3363 1658 3419 Ι.
1675 3375 1703 3435 9.
1731 3363 1749 3420 Ι.
1774 3365 1799 3420 rr'
1848 3371 1852 3378 “

145 3435 210 3499 eii.
232 3439 277 3508 13,
291 3440 324 3500 C.
343 3437 370 3494 i.
388 3447 408 3488 t.
444 3427 488 3488 vel
505 3432 797 3510 sccundudicendnm,
816 3433 956 3494 mulierem
988 3432 1084 3488 mulier
1106 3429 1146 3501 td.
1164 3431 1183 3488 Ι.
1201 3433 1250 3490 ule.
1268 3437 1297 3492 in
1334 3455 1367 3489 ne
1382 3431 1415 3506 ff.
1433 3432 1459 3492 b.
1477 3450 1498 3492 Ι.
1518 3431 1684 3492 Restituitur
1705 3447 1798 3491 autem

143 3509 174 3566 in
193 3514 279 3584 specie
296 3509 322 3565 d.
342 3509 356 3564 Ι
381 3508 403 3562 ir
425 3500 465 3560 13.
484 3517 540 3560 non
558 3501 757 3580 intercessisse,
775 3507 821 3568 sed
848 3516 956 3562 tantum
988 3519 1049 3560 cum
1066 3519 1114 3558 sua
1131 3519 1211 3560 causa
1228 3506 1258 3564 dr
1274 3501 1469 3580 mssiitetibus,
1487 3503 1554 3562 adeo
1571 3517 1620 3575 ut,
1638 3507 1660 3560 si
1679 3521 1727 3572 pro
1744 3519 1798 3574 eo,

144 3579 182 3636 cb
199 3587 278 3641 initio
294 3579 451 3652 simpiciter
467 3587 501 3630 tc
517 3589 566 3641 pro
583 3591 611 3630 sc
628 3588 748 3635 mutuam
773 3577 896 3636 smmisse
913 3591 957 3644 pe-
987 3573 1033 3644 qui
1052 3571 1193 3642 temporali
1210 3573 1317 3634 stelione
1335 3574 1497 3646 tenebatur,
1523 3573 1620 3633 mulier
1642 3575 1799 3632 intercesse-

145 3653 267 3714 cuniam:
287 3652 349 3711 licet
367 3662 427 3708 eam
444 3655 537 3716 postea
554 3659 603 3713 pro
612 3653 712 3706 marito
728 3647 890 3721 erogaverit,
899 3663 957 3703 cre-
988 3650 1034 3715 rit,
1052 3641 1207 3712 temporalis
1225 3643 1298 3704 stirs
1316 3646 1518 3718 redintegretur
1544 3646 1574 3700 ln
1601 3656 1710 3702 tantum
1726 3655 1799 3700 tent-

145 3717 235 3782 ditore
253 3741 308 3784 non
328 3725 504 3796 ignorantes
517 3731 578 3771 eam
597 3719 690 3772 mariti
708 3719 884 3792 instigatione
908 3711 957 3769 ΙΙΙ·
989 3733 1050 3784 pus,
1086 3725 1198 3772 uantum
1216 3727 1367 3788 supererat,
1383 3733 1445 3774 cum
1463 3714 1586 3784 primitus
1603 3715 1799 3772 intercessione

144 3792 260 3854 nebrem
278 3795 353 3852 illam
370 3786 502 3864 comitisse
524 3786 676 3858 pecuniam,
694 3799 724 3846 ut
741 3787 866 3856 deinceps
883 3783 958 3842 illem
987 3731 1114 3854 muliebri
1131 3784 1353 3870 extingueretur,
1370 3786 1388 3840 Ι.
1407 3783 1487 3842 debit.
1506 3781 1549 3854 ΙΙ
1566 3778 1593 3858 §-
1612 3785 1661 3844 reit.
1680 3779 1718 3856 ffi
1734 3783 1760 3841 i.
1778 3799 1798 3843 Ι.

144 3866 226 3921 nouis
244 3864 373 3924 blanditis
390 3852 562 3917 maritalibus
578 3870 719 3930 permota,
737 3858 767 3915 in
787 3875 849 3916 usus
864 3855 958 3913 mariti
989 3851 1025 3911 Et
1043 3852 1162 3914 ciliones
1197 3853 1287 3914 uidem
1302 3857 1438 3928 pristine,
1454 3873 1510 3928 que
1528 3857 1704 3928 reviviscunt,
1721 3857 1800 3912 cerri-

144 3927 178 3993 in
196 3945 286 3994 totum
303 3947 352 3994 aut
368 3949 417 4004 pro
434 3940 512 4008 parte
527 3938 658 4000 erogaret.
676 3925 774 4002 Qualis
792 3928 859 4002 legis
878 3923 958 3995 huius
987 3929 1090 3984 rororis
1106 3871 1291 4000 appellantur,
1308 3929 1336 3986 iic
1354 3928 1523 3996 rescissoria,
1547 3927 1610 4000 quia
1637 3926 1799 3985 dantur‘ie-

144 4021 237 4066 stnsus
255 4005 297 4064 vel
314 4021 349 4064 err
365 4021 400 4062 eo
416 3996 563 4068 evincitur,
581 3999 652 4065 quod
662 3993 840 4069 Imperatores
857 3996 958 4057 ibidem
987 3999 1067 4066 scissa
1085 3997 1277 4054 intercessione
1294 3998 1323 4056 dc
1340 3995 1519 4066 liberatione,
1537 4017 1594 4068 que
1615 3994 1651 4053 ob
1669 3996 1799 4055 interces—

145 4073 313 4147 voluerunt,
330 4091 433 4132 cessare
449 4067 655 4141 erceptionem,
672 4075 729 4128 cine
746 4087 803 4128 coro
820 4072 968 4143 quaesitor
987 4071 1091 4126 sionem
1109 4066 1227 4124 mulieris
1242 4069 1317 4124 conti
1336 4080 1405 4140 erat,
1421 4079 1501 4136 atque
1518 4063 1557 4124 lta'
1572 4067 1760 4138 restituuntur,
1777 4068 1798 4125 Ι.

138 4141 256 4220 scamis,
273 4151 329 4206 eice
340 4160 407 4215 parc
423 4145 494 4218 ejus,
511 4141 540 4198 in
557 4156 621 4196 ΙΙΙΙΙΙ
638 4142 735 4200 meriti
744 4137 967 4213 processis-repre·
987 4139 1111 4210 quamvis
1130 4153 1162 4212 7.·
1194 4179 1201 4194 .
1218 4137 1365 4194 Marcellos
1381 4151 1408 4212 9.
1426 4133 1459 4198 Θ
1468 4129 1496 4207 d·
1513 4155 1678 4210 quamquam
1693 4155 1733 4195 rr.
1756 4153 1798 4197 ιι.

143 4231 265 4288 memor.
284 4213 391 4292 Quippe
407 4233 463 4286 qus
481 4208 565 4274 verba
581 4225 754 4285 supponunt,
772 4229 829 4272 non
848 4223 906 4268 tam
923 4209 958 4267 ab
993 4204 1034 4266 13.
1053 4210 1071 4265 Ι.
1090 4209 1138 4266 alr.
1177 4209 1250 4266 .olr.
1265 4203 1299 4280 ffi
1317 4207 1342 4266 b.
1360 4223 1380 4265 Ι.
1398 4206 1416 4263 Ι.
1435 4212 1459 4266 si
1486 4208 1584 4267 mulier
1609 4208 1729 4265 elimam
1754 4205 1797 4266 16.

141 4287 232 4354 ¹initio
249 4289 389 4357 pecuniam
406 4301 515 4344 curnem
534 4283 563 4338 in
581 4299 658 4342 usum
676 4284 768 4342 mariti
794 4282 893 4340 soenori
912 4298 957 4338 ac·
987 4279 1020 4340 G.
1038 4277 1066 4338 i.
1085 4295 1106 4336 Ι.
1124 4299 1160 4338 ee
1179 4296 1262 4352 vero,
1280 4297 1336 4349 uus
1354 4277 1478 4346 primitus
1496 4278 1524 4334 in
1549 4295 1612 4337 erni
1631 4290 1798 4351 nascuntur,

145 4367 252 4428 ceptam
270 4355 370 4432 fuisse,
394 4373 476 4432 quom
502 4353 592 4427 potius
619 4367 711 4424 postea
737 4353 771 4412 sd
797 4352 958 4414 desiderium
1005 4367 1037 4408 ro
1071 4368 1106 4409 uo
1121 4347 1219 4410 muller
1236 4348 1394 4420 contraxit,
1410 4349 1575 4407 institutoris
1592 4346 1627 4407 ab
1644 4351 1799 4417 interpreti-

144 4432 259 4500 mariti,
275 4431 361 4503 tnagis
378 4438 425 4487 aut
442 4433 532 4486 minus
550 4441 659 4484 uxorem
676 4419 783 4486 flectere
801 4440 834 4480 ac
851 4439 958 4483 movere
987 4371 1037 4478 bus
1052 4367 1193 4494 dicuntur,
1208 4426 1271 4495 quia
1282 4421 1430 4478 instituunt
1448 4435 1491 4475 ms
1511 4418 1543 4491 is,
1559 4434 1639 4493 quam
1651 4418 1798 4492 restituunt

146 4499 281 4571 valentis,
300 4501 329 4556 in
348 4495 404 4568 ejus
420 4516 483 4557 usus
499 4502 529 4555 ln
547 4509 637 4554 totum
655 4494 699 4552 vel
717 4513 766 4565 pro
792 4506 869 4564 parte
896 4509 957 4551 ver·
986 4489 1240 4566 obligationun,ei
1260 4491 1277 4549 Ι.
1296 4485 1461 4573 ᾳωαωυΙΙβ.
1498 4506 1579 4561 .pere.
1590 4485 1628 4561 ffl
1645 4487 1671 4545 b.
1690 4505 1711 4546 Ι.
1729 4485 1798 4548 Non

148 4585 220 4628 som:
236 4570 309 4640 quod
325 4569 463 4629 diversum
478 4579 519 4628 est
535 4564 572 4623 sb
588 4585 621 4624 es
639 4563 705 4626 faut
721 4567 818 4636 specie,
828 4581 887 4634 ouo
897 4579 957 4624 nru-
987 4574 1077 4622 terrun
1096 4563 1323 4632 existimandum,
1351 4565 1408 4632 ipso
1424 4577 1483 4632 Jure
1501 4557 1550 4620 hes
1567 4560 1724 4619 reviviscere
1750 4571 1798 4616 aut

148 4637 200 4696 lier
216 4642 311 4698 stetim
328 4639 365 4697 ab
382 4641 475 4708 initio,
490 4637 624 4696 creditore
641 4637 752 4724 sciente,
771 4647 894 4695 nummos
910 4635 956 4694 cd·
987 4639 1061 4691 nesci
1079 4631 1212 4694 atilionem
1294 4633 1382 4705 potius
1399 4632 1429 4689 in
1447 4632 1475 4691 ld
1493 4631 1663 4705 impetranda
1680 4647 1796 4700 percre-

168 4708 241 4769 iebst
258 4723 376 4784 mutuos,
391 4725 449 4768 non
466 4707 497 4764 in
515 4723 602 4780 crum,
617 4706 663 4766 sed
679 4708 772 4765 mariti
789 4722 886 4776 usumt
904 4721 957 4776 quo
985 4703 1104 4766 dirorem
1122 4704 1241 4762 restitut·
1276 4705 1306 4760 in
1324 4709 1462 4778 integrum
1478 4717 1512 4760 ert
1537 4700 1659 4778 generali
1675 4698 1797 4759 sunnis

146 4729 168 4836 Ι
226 4775 557 4849 ominemint'ercsiere,
575 4779 603 4842 δε
620 4777 851 4841 senamecnuito
868 4775 956 4839 iocum
984 4771 1064 4834 editis
1080 4777 1209 4851 pretorii,
1225 4789 1278 4846 qua
1294 4775 1433 4845 promisit,
1451 4791 1478 4829 rr
1496 4773 1525 4828 ΙΙΙ
1543 4778 1672 4848 integrum
1689 4771 1798 4828 renire-

162 4869 228 4924 ore‚
245 4849 358 4915 dubium
375 4866 432 4912 non
449 4857 510 4923 est,
527 4866 583 4924 arg.
601 4849 620 4908 Ι.
638 4851 663 4907 ΙΙ
678 4849 775 4910 mulier
802 4865 846 4908 rr.
859 4916 861 4923 Ι
873 4847 892 4908 Ι.
915 4849 956 4906 vir
984 4862 1076 4907 rarum
1085 4888 1095 4920 ,
1112 4850 1137 4906 ci
1153 4863 1209 4921 qu
1224 4844 1284 4902 clia
1310 4841 1362 4904 eiii
1378 4863 1461 4903 scote
1473 4842 1557 4916 jutta
1574 4857 1630 4901 esse
1646 4831 1800 4914 ordmeri,
