4026 5352
289 203 339 300 96
898 207 1204 276 mmmm

241 307 397 372 proximum
415 289 533 374 adeoque
549 298 699 373 legitimum
715 315 770 358 esse
787 295 920 360 heredem
949 303 1047 361 docue
1075 313 1185 374 potest,
1203 297 1239 358 ab
1254 296 1311 360 allo
1329 293 1388 372 lura
1405 301 1511 371 potiore
1530 293 1649 360 habente
1665 293 1805 372 eutium
1822 319 1889 367 ιιιιι

236 379 295 438 ¹rit:
307 389 365 444 quo
380 371 588 444 demonstrato,
606 383 693 429 tottun
711 367 825 429 aaronis
843 368 1049 432 fundamentum
1077 375 1221 443 presertim
1247 377 1271 430 si
1295 373 1467 450 consideres,
1494 387 1551 436 uon
1569 372 1675 442 precise
1692 375 1812 446 tequii,
1827 390 1893 448 oe,

240 439 409 502 amruuorn
425 437 484 514 est,
500 459 598 512 reoque
613 443 739 513 deinceps
746 441 888 504 ,incumbit
905 461 980 500 suam
990 462 1049 513 pro·
1078 447 1123 514 qui
1140 443 1177 500 ab
1194 449 1323 501 intestato
1339 445 1532 501 successionem
1555 441 1693 517 uindicat,
1719 444 1891 518 cognitionis
1988 453 1989 458 ’

243 511 308 572 bare
324 513 528 586 exceptionem,
545 530 596 583 qua
601 513 763 590 ,legitimum
782 517 984 573 testamentaria
994 516 1049 574 dis·
1078 513 1189 574 vinculo
1206 516 1328 586 proxime
1344 509 1501 576 dolandam
1517 513 1675 584 contingat,
1707 527 1738 572 ut
1764 528 1829 588 pote
1857 517 1888 578 dt
1917 539 1924 544 -
1998 520 2004 534 ¹

243 585 381 656 positione
394 585 571 642 contendite
598 596 656 650 ture
673 602 717 654 per
735 584 803 656 leges
820 585 887 642 dato
912 586 1049 645 exclusum
1078 585 1255 662 hereditatem
1271 582 1423 643 civilem&
1451 591 1601 654 pretoriani
1625 583 1758 642 bonorem
1786 604 1890 655 posses·

167 655 170 665 '
241 674 298 714 esse
313 671 323 722 ς
339 672 401 710 cum
418 661 510 724 utique
527 671 573 712 reo
589 655 730 712 incumbat
747 657 912 726 exceptionis
930 677 983 716 sue
1002 675 1049 716 ve·
1077 656 1181 716 sionem
1199 673 1343 723 agnouere
1359 653 1463 726 sibique
1479 671 1605 727 arrogare
1624 651 1716 712 ruens
1732 671 1765 714 ex
1783 676 1890 718 sicces·

240 727 350 784 ritatem
366 726 523 794 adstrueres
542 743 599 784 non
619 723 800 799 vesontione,
819 725 896 784 nulls
913 729 1049 796 exceptio-
1077 727 1150 794 sorio
1167 723 1275 795 edidio,
1303 730 1408 794 quoties
1423 725 1522 798 gradu,
1538 743 1586 795 pro
1606 729 1684 780 'mior
1709 741 1769 783 eam
1798 741 1890 796 petere

242 813 372 855 nestram
389 814 465 868 posse
482 797 668 855 intentionem
684 796 767 868 elidi,
793 798 813 854 i.
836 815 859 855 ι.
871 793 908 867 ff.
926 797 958 854 de
975 818 1048 856 eece-
1078 798 1195 859 noluerit
1213 816 1244 854 ac
1262 795 1421 865 vindicare,
1437 796 1456 850 l.
1475 794 1501 850 si
1516 799 1583 851 auin
1620 837 1626 848 .
1646 795 1674 852 C.
1693 795 1726 850 de
1748 816 1887 856 successor.

238 864 387 937 ptionr'bus,
405 867 423 922 i.
441 872 579 942 quingenta
602 882 641 922 12.
660 867 677 922 Ι.
697 871 725 924 in
742 865 928 938 exceptionibus
951 879 991 940 19.
1011 866 1050 939 ff
1077 865 1179 942 edisio,
1196 873 1234 926 sic
1251 879 1283 926 ut
1301 863 1510 924 fundamentum
1527 867 1733 925 inuentionis-io
1752 885 1892 940 saumque

237 935 271 992 dr
287 934 497 1006 prointimibnr.
525 933 618 1006 inque
636 933 721 1009 facit,
746 940 819 1009 quud
836 938 871 998 ab
895 959 927 998 ea
955 952 1047 1013 parte,
1076 955 1218 1000 extraneus
1236 935 1367 1008 possessor
1383 950 1444 1007 est,
1471 948 1579 994 tantum
1595 944 1631 995 sit
1656 933 1797 998 vinculum
1822 956 1890 999 san-

221 1066 225 1078 ,
258 1027 297 1066 ue
313 1007 398 1079 dicit,
416 1009 601 1068 adversarium
617 1025 694 1066 suum
711 1007 746 1064 ab
764 1007 856 1083 aliquo
874 1007 932 1080 jure
972 1013 1047 1068 rohi-
1076 1013 1176 1084 guinis,
1196 1025 1253 1066 non
1271 1010 1337 1066 item
1351 1009 1454 1092 gradus
1471 1009 1646 1076 proximitass
1663 1026 1760 1066 cume
1796 1021 1887 1083 natus,
1949 1009 1953 1021 ’

169 1083 172 1099 ’
237 1025 331 1144 iritum
347 1097 421 1149 esse,
449 1077 494 1134 vel
510 1079 649 1136 exclusum
667 1077 817 1148 specialiter
835 1079 894 1152 lege
921 1099 952 1138 ve
981 1100 1047 1138 con·
1077 1095 1213 1152 ucunque
1229 1082 1430 1148 remotissimus,
1448 1080 1573 1150 quamvis
1589 1081 1774 1148 aproximiori
1795 1100 1825 1138 us
1839 1099 1888 1138 co-
1918 1135 1920 1138 ,

238 1150 393 1214 stitutione3
410 1146 438 1206 id
455 1151 539 1220 ipsum
557 1147 664 1216 probari
681 1161 814 1222 oportere,
827 1149 922 1210 Paulus
940 1171 1047 1222 respon,-
1075 1157 1165 1226 gnatis
1183 1148 1358 1220 excludatur,
1374 1163 1533 1208 extraneum
1551 1162 1641 1206 tamen
1661 1151 1716 1218 ipse
1733 1167 1767 1206 eo
1783 1151 1887 1224 unioe,
1911 1207 1914 1214 ,

238 1220 296 1292 dit,
316 1219 335 1276 l.
354 1217 389 1296 ab
406 1238 440 1274 ea
457 1235 532 1288 parte
548 1217 574 1278 5.
594 1214 633 1290 ff.
652 1217 685 1273 de
701 1218 844 1290 probation.
872 1239 903 1278 ac
934 1224 1047 1292 proinde
1075 1221 1147 1304 quod
1163 1235 1295 1295 cognatus
1310 1233 1369 1292 est,
1388 1222 1417 1276 in
1436 1228 1525 1276 totum
1542 1217 1578 1275 ab
1594 1223 1714 1280 omni&
1743 1228 1889 1280 meresto-

137 1309 142 1316 ·
237 1296 320 1352 etiam
339 1305 444 1348 necesse
458 1301 517 1360 est,
535 1303 565 1352 ut
583 1296 814 1358 testamentariam
831 1292 1046 1365 dispositionem,
1076 1295 1118 1350 nis·
1136 1311 1194 1364 ture
1212 1287 1356 1350 excludat.
1387 1290 1589 1370 contraquam
1607 1291 1780 1349 statuendum
1800 1283 1895 1364 soret,

239 1379 291 1433 qua
309 1359 445 1433 legitimus
461 1363 535 1428 quasi
553 1358 620 1431 lege,
637 1377 653 1416 a
673 1358 729 1430 iure
744 1362 912 1420 succedendi
922 1362 1046 1433 prohibi·
1074 1368 1098 1420 si
1116 1361 1281 1422 hereditatis
1299 1377 1428 1430 possessor
1445 1360 1501 1430 ipe
1517 1379 1622 1436 quoque
1639 1375 1770 1434 cognatus
1797 1375 1892 1425 esseae

239 1443 283 1490 tiss
299 1428 620 1504 dicitu‚·cootraditior
637 1429 750 1500 probet.
778 1429 884 1507 Quibus
911 1435 1043 1494 accedunt
1073 1437 1141 1493 tunc
1157 1436 1232 1494 enim
1251 1449 1306 1490 non
1325 1430 1408 1488 aliter
1425 1431 1597 1500 petitor'hoc
1620 1426 1720 1498 iudicio
1748 1433 1887 1501 poetden-

239 1520 295 1568 non
314 1514 412 1564 temere
426 1501 576 1572 spernenda
600 1501 669 1560 luris
695 1505 851 1577 axiomata,
877 1500 1045 1578 aliirnranti,
1074 1519 1269 1578 temsuperare
1286 1515 1385 1573 posset,
1403 1517 1484 1570 quam
1500 1503 1524 1558 si
1540 1521 1569 1560 se
1587 1499 1742 1582 probaverit
1760 1523 1817 1562 esse
1829 1510 1888 1574 ipm

238 1573 359 1643 adeoque
376 1571 557 1632 contendenti
575 1584 764 1632 restaurentur
780 1592 836 1633 esse
854 1569 974 1646 sallum,
999 1578 1045 1634 in·
1073 1591 1222 1646 possessore
1240 1575 1430 1643 proximiorem
1447 1571 1492 1640 ei,
1517 1571 1552 1632 de
1567 1589 1643 1643 cuius
1661 1574 1752 1644 agitur·
1777 1571 1887 1632 heredi·

239 1643 366 1702 cumbere
383 1639 515 1712 probandi
532 1660 622 1707 onuss
641 1661 757 1718 necea,
792 1663 830 1702 uu
849 1642 917 1708 fatti,
929 1661 1003 1719 sunt,
1014 1649 1043 1703 in
1074 1658 1149 1716 tates
1168 1645 1290 1720 eoquod
1307 1656 1373 1702 tunc
1391 1660 1449 1700 non
1466 1641 1570 1722 insola
1588 1647 1729 1715 sanguinis
1757 1640 1895 1718 vinculo„

238 1713 322 1773 dubio
338 1715 457 1784 presumi
493 1711 540 1771 sed
557 1710 761 1790 probationibus
775 1664 907 1790 iegitimis
923 1736 981 1777 esse
997 1717 1044 1778 de·
1073 1715 1143 1786 quod
1161 1719 1190 1780 dr
1208 1715 1349 1786 90⁸⁵&er
1366 1717 1394 1776 tir
1413 1713 1523 1782 petitori
1541 1728 1682 1770 commune
1704 1727 1762 1790 est,
1789 1713 1837 1774 sed
1854 1715 1885 1773 in
1963 1741 1969 1748 ·

237 1783 430 1854 monstranda,
448 1754 602 1864 F'achineus
620 1781 663 1842 rib.
689 1783 716 1844 6.
743 1803 973 1858 contrementem.
997 1786 1043 1858 46.
1073 1786 1171 1912 qradus
1190 1785 1364 1855 proximitate
1382 1783 1494 1842 unicum
1509 1795 1550 1840 est
1577 1785 1695 1853 positum
1722 1784 1888 1845 intentionis

233 1847 363 1914 Mettica
381 1853 413 1910 de
430 1855 538 1926 tonJeii.
556 1855 605 1911 ult.
624 1853 753 1913 voluntat.
772 1855 815 1914 lib.
834 1873 860 1913 2.
886 1859 928 1914 tit.
960 1877 983 1916 ι.
1000 1874 1044 1926 pec
1086 1860 1298 1928 undamentum,
1325 1853 1481 1918 Massardus
1498 1853 1531 1909 dr
1557 1850 1748 1922 probationibus
1780 1855 1833 1914 ori.
1859 1851 1887 1914 5.

234 1943 286 1986 ιιι.Ι
302 1925 336 1990 ia·
352 1928 474 1996 precipue
492 1944 567 1982 num.
591 1941 630 1981 ιι.
648 1921 813 1986 Menochius
840 1926 873 1982 de
896 1945 1042 1999 perrumpe.
1073 1928 1153 1985 conrl.
1177 1925 1252 1984 1232.
1272 1927 1307 1984 ad
1327 1923 1458 1996 verbum,
1473 1926 1637 1996 proximior,
1655 1917 1888 2002 'syroquetlusd

162 1995 166 2004 “
236 1995 281 2056 lib.
299 1995 326 2066 d.
342 2011 491 2066 presunrpt.
511 2013 534 2051 ι.
551 1991 710 2054 Mascardus
726 1995 759 2052 de
778 1993 972 2066 probationibus
990 1998 1040 2058 orl.
1073 1996 1181 2062 retrudi.
1195 1997 1287 2083 gentil.
1304 1991 1332 2072 §.
1354 2013 1395 2052 rr.
1406 1995 1487 2121 qless.
1509 2013 1531 2052 ι.
1550 2015 1576 2054 n.
1593 1997 1619 2051 6.
1638 2007 1664 2068 9.
1692 2011 1733 2052 ιο.
1747 2002 1888 2068 tiovarru-

176 2081 179 2095 ·
237 2073 264 2125 a.
281 2059 472 2138 conclus-933.
490 2063 525 2122 ad
545 2063 656 2123 verbum
674 2069 833 2125 intestatus.
852 2065 913 2126 Nec
930 2085 1042 2130 contra·
1075 2069 1249 2134 tiasenrrnr.
1268 2067 1410 2125 restitnit
1429 2105 1437 2120 .
1456 2080 1482 2120 ι.
1506 2080 1564 2136 cap.
1590 2061 1617 2122 6.
1643 2085 1672 2122 ιι.
1701 2065 1729 2123 6.
1750 2063 1888 2136 Responsa

236 2141 307 2196 rium
324 2142 410 2196 estin
428 2136 446 2192 i.
464 2137 707 2206 sirnancipatip.
736 2136 764 2195 C.
794 2137 826 2194 de
841 2139 1043 2208 collationibus,
1072 2139 1164 2202 letor.
1184 2135 1260 2198 Holl.
1277 2151 1347 2207 part.
1375 2131 1401 2193 3.
1429 2135 1479 2198 ool.
1499 2151 1526 2193 2.
1545 2137 1634 2196 consil.
1662 2132 1725 2196 332.
1752 2133 1892 2212 (revera)

235 2202 431 2277 comprobatio
462 2203 518 2263 illic
544 2213 678 2274 proposita
706 2225 763 2266 non
789 2208 825 2267 ad
852 2222 1043 2272 testamentum
1074 2229 1098 2269 ιι.
1122 2229 1145 2270 ι.
1164 2226 1190 2268 2.
1209 2205 1236 2266 5.
1440 2219 1444 2226 ·
1647 2269 1650 2275 ,
1851 2251 1854 2258 -

237 2283 390 2359 pertineat,
406 2275 451 2334 set
468 2288 577 2336 tantum
593 2277 629 2335 ad
646 2279 910 2349 emancipationems
941 2281 1043 2341 dicitur
1075 2303 1077 2307 ’
1109 2296 1134 2353 7.
1155 2278 1244 2340 Datur
1262 2281 1388 2340 adversus
1405 2297 1486 2354 eum,
1514 2279 1559 2352 qui
1577 2299 1626 2363 pro
1643 2277 1741 2342 herede
1760 2281 1801 2340 rei
1820 2297 1884 2354 pro

235 2351 328 2426 enim,
350 2349 374 2403 si
390 2366 437 2404 nec
451 2347 536 2404 ullum
554 2363 744 2406 testamentum
770 2352 892 2410 reliilurn
911 2372 976 2426 est,
1002 2359 1046 2412 orl
1072 2371 1219 2424 possessore
1237 2371 1271 2423 po
1284 2357 1350 2412 sidet
1361 2370 1370 2420 3
1398 2351 1465 2412 adeo
1483 2365 1514 2412 ut
1531 2355 1559 2412 dt
1579 2371 1636 2422 tute
1653 2354 1784 2425 singulari
1801 2351 1892 2426 coga-'

234 2415 558 2545 eooiss'irnurnl'udicinns
574 2423 721 2478 communis
736 2425 839 2498 patris,
855 2440 931 2496 teque
947 2445 1042 2482 ernan-
1074 2437 1117 2481 tur
1134 2443 1194 2482 reus
1210 2439 1361 2484 conventus
1378 2421 1469 2482 dicere
1486 2421 1599 2482 titulum
1623 2425 1795 2494 possessionis
1812 2441 1864 2484 stan

234 2491 353 2572 siparum
369 2505 412 2558 pro
429 2505 507 2572 ntum
516 2485 621 2560 suerit.
641 2486 685 2548 Ne
702 2491 814 2565 dicam,
832 2511 876 2551 eos
893 2513 995 2569 quoque
1012 2500 1041 2554 in
1072 2509 1163 2556 utrum
1181 2513 1231 2566 pro
1250 2493 1348 2554 herede
1366 2493 1519 2564 possideat,
1545 2511 1580 2552 an
1619 2512 1650 2550 ro
1669 2511 1837 2566 possessore,
1862 2463 1886 2552 d

238 2559 405 2637 'urelnostro
421 2558 477 2618 dici
494 2558 624 2632 probare,
659 2562 687 2620 ui
704 2559 740 2618 ab
757 2564 868 2622 adversa
888 2579 963 2634 porte
981 2585 1041 2638 pro·
1072 2569 1125 2640 cogi
1147 2584 1189 2636 ιι.
1208 2565 1236 2624 C.
1257 2564 1282 2622 b.
1297 2581 1318 2620 r.
1337 2563 1390 2621 oud
1408 2567 1434 2624 δι
1454 2565 1579 2623 adversus
1596 2512 1696 2620 horon
1715 2561 1825 2622 heredes
1834 2563 1887 2622 da-

169 2693 175 2704 ,
245 2647 290 2700 ata
308 2631 435 2701 diluunt,
461 2577 678 2690 docendo-veriti
694 2639 803 2718 gratia,
831 2647 1041 2707 testamentum,
1073 2649 1135 2708 tur,
1152 2640 1256 2694 etiamsi
1276 2634 1305 2691 hi
1328 2635 1475 2708 ignorent,
1502 2653 1550 2705 pro
1568 2632 1666 2694 herode
1685 2632 1729 2691 vel
1757 2653 1808 2705 pro
1825 2651 1886 2704 pos-

233 2701 269 2764 ab
286 2705 398 2761 adversa
416 2699 682 2782 parteprodoiiun,
701 2704 799 2764 inutile
817 2724 893 2773 esset
922 2720 971 2766 aut
991 2703 1040 2764 lai-
1072 2725 1171 2765 sessore
1188 2703 1347 2766 defundum
1369 2705 1534 2779 possedisse,
1552 2705 1579 2780 J·
1598 2723 1644 2760 ιιι
1666 2705 1754 2760 sellam
1787 2699 1826 2761 13.
1854 2699 1885 2776 6.

232 2777 313 2834 sitate
331 2772 565 2843 laborare31uxta
583 2774 600 2829 l.
619 2771 656 2829 D.
676 2774 739 2831 lios
756 2774 781 2831 5.
799 2769 825 2848 6.
842 2791 899 2846 pen.
924 2773 1001 2848 fflb.
1021 2795 1039 2836 ι.
1072 2779 1200 2835 Neratius
1218 2793 1243 2833 2.
1255 2774 1293 2850 ffi
1312 2775 1339 2832 b.
1357 2795 1377 2832 t.
1395 2775 1414 2833 l.
1433 2775 1457 2831 si
1472 2791 1526 2847 ,sort
1544 2789 1570 2832 a.
1588 2773 1616 2830 C.
1633 2773 1659 2833 ιἰ.
1675 2791 1695 2831 ι.
1710 2773 1762 2830 Pro
1780 2791 1884 2848 posses-

232 2865 287 2920 quo
305 2845 386 2902 modo
403 2848 430 2904 dt
449 2847 486 2910 rei
503 2843 693 2904 criminum&
714 2841 825 2906 heredes
847 2862 940 2904 eorum
959 2849 1041 2906 inno-
1071 2866 1129 2906 sore
1146 2847 1255 2920 quidem
1273 2847 1405 2917 possidere
1422 2861 1567 2919 censetur,
1594 2847 1640 2915 qui
1658 2839 1734 2903 nullo
1751 2845 1808 2916 iure
1825 2862 1889 2914 rem
1913 2893 1917 2909 .

232 2917 352 2976 centiam
368 2914 496 2975 diduntur
513 2912 640 2987 probare,
658 2931 723 2984 quos
740 2929 829 2975 tamen
849 2931 879 2976 ut
897 2916 967 2975 nihil
977 2937 1040 2988 pro·
1072 2917 1264 2976 hereditariam
1284 2916 1325 2977 vel
1342 2930 1428 2975 totam
1447 2915 1652 2988 hereditatem,
1680 2917 1766 2974 sciens
1793 2917 1829 2976 ad
1855 2936 1884 2976 se

227 2983 346 3057 'bantes,
362 2985 409 3050 sed
426 2999 585 3055 argumenta
603 2997 710 3044 tantun
728 2987 762 3045 ad
779 2989 995 3049 convincendum
1004 2988 1040 3046 ab
1072 3006 1127 3045 non
1147 2991 1298 3061 pertinere,
1317 2988 1450 3062 possidet,
1466 2983 1494 3060 6.
1514 2985 1687 3059 adipiscenda
1704 2983 1730 3043 3.
1751 2985 1884 3044 instit-de

158 3059 161 3066 ’
232 3070 390 3114 accusatore
405 3050 518 3112 addatis
536 3054 670 3136 diluentes
687 3074 719 3116 ac
738 3073 918 3131 enervantes,
950 3057 1039 3120 absol·
1070 3059 1234 3131 interdictis,
1254 3078 1302 3116 nec
1321 3060 1407 3124 ullum
1424 3057 1542 3132 allegare
1560 3072 1646 3131 potest
1664 3059 1835 3130 possessionis
1844 3057 1884 3112 ti-

233 3129 334 3184 vendos
351 3144 426 3199 esse,
442 3143 475 3182 ex
491 3128 714 3196 principiisturis
729 3127 902 3190 manifestum
928 3146 992 3202 est,
1019 3133 1038 3188 l.
1070 3129 1175 3202 tulum,
1203 3129 1448 3202 sedintenogatus
1464 3149 1512 3187 cur
1535 3131 1684 3202 possideat,
1710 3147 1884 3199 responsurus

207 3251 209 3254 ,
231 3218 247 3270 q
267 3200 376 3270 itusque
394 3212 421 3254 2.
439 3196 467 3250 C.
485 3195 518 3251 do
535 3197 695 3269 requirendis
711 3203 780 3270 rrr'r,
795 3200 814 3270 i.
827 3203 875 3256 ult.
893 3199 931 3269 ff.
950 3202 1000 3259 ult.
1001 3198 1041 3272 ff
1069 3212 1127 3274 est„
1146 3202 1210 3272 quia
1225 3199 1357 3272 possideo,
1377 3218 1410 3258 ne
1429 3221 1480 3271 per¹
1491 3201 1662 3260 menducium
1688 3202 1798 3272 quidem
1814 3217 1883 3262 con-

230 3218 352 3340 dbnnit
370 3289 421 3323 eor.
435 3268 485 3348 pei
501 3286 564 3323 ense
581 3286 646 3324 sent.
665 3287 776 3336 ιιιιιιιιι
793 3268 844 3328 sibi
860 3273 970 3330 conscio.
1069 3273 1178 3330 tendere
1196 3271 1316 3344 audens,
1346 3290 1374 3328 se
1392 3269 1516 3330 heredem
1547 3291 1623 3339 esses
1649 3275 1740 3338 quales
1759 3265 1832 3328 fures
1850 3271 1887 3342 ar,

267 3335 291 3396 5.
314 3336 416 3396 Εοάειιι
434 3338 498 3412 puris
517 3335 712 3412 funtanense,
739 3341 785 3410 qui
810 3339 987 3402 hereditatem
1004 3362 1038 3405 ex
1069 3343 1223 3413 predones,
1240 3343 1257 3398 l.
1277 3357 1322 3412 pro
1340 3340 1440 3400 herede
1462 3359 1502 3400 ιι.
1519 3335 1548 3414 6.
1570 3359 1593 3398 ι.
1613 3339 1631 3396 l.
1655 3355 1695 3396 ra.
1715 3345 1733 3394 i.
1758 3335 1800 3396 ιδ.
1837 3337 1874 3396 ,6

230 3421 395 3469 testamento
411 3414 495 3477 petit,
512 3409 607 3468 eodem
625 3409 737 3484 prolato,
756 3410 870 3486 probare
888 3431 942 3470 non
961 3427 1038 3474 tene·
1069 3429 1089 3472 t.
1103 3413 1121 3470 l.
1142 3411 1194 3469 bec
1212 3417 1283 3470 estio
1305 3407 1345 3470 ιδ.
1365 3410 1404 3481 ff.
1428 3431 1449 3469 ι.
1461 3408 1500 3482 ffi
1515 3412 1547 3469 de
1564 3429 1637 3468 seraa
1656 3425 1789 3477 corrupte.
1838 3411 1889 3474 uia

232 3494 296 3553 tur,
315 3478 391 3538 nullo
407 3479 464 3535 alio
481 3482 628 3548 posteriore
645 3493 808 3540 testamento
831 3481 899 3540 illud
918 3481 1037 3541 infirma·
1070 3482 1117 3542 bus
1134 3485 1164 3543 dr
1181 3483 1360 3554 accensendi,
1383 3483 1430 3552 qui
1448 3484 1560 3542 tacitam
1587 3479 1665 3538 iidem
1693 3481 1883 3540 accommoda·

227 3565 285 3612 tum
303 3565 350 3608 aut
368 3563 521 3612 revocatum
538 3570 612 3621 esse,
638 3564 686 3607 aut
705 3558 772 3620 uitio
791 3551 866 3611 nullo
894 3551 1037 3624 laborares
1067 3566 1152 3626 sunt,
1170 3566 1201 3610 ut
1219 3557 1281 3611 inca
1301 3559 1343 3613 aci
1361 3557 1534 3612 restituerent
1553 3551 1746 3622 hereditatem,
1774 3555 1795 3608 l.
1811 3564 1880 3620 prn-

229 3623 276 3683 sed
294 3625 379 3692 mais
396 3623 438 3692 is,
456 3622 501 3690 qui
521 3620 548 3677 id
568 3621 677 3679 ratione
712 3640 852 3694 uacunque
870 3619 1037 3686 infirmatum
1067 3623 1140 3680 donis
1157 3619 1202 3692 46.
1220 3625 1253 3695 ff.
1291 3641 1340 3682 .t.
1363 3625 1541 3698 &quotquot
1558 3621 1642 3700 titulo
1658 3622 1768 3696 quidem
1786 3621 1880 3693 aliquo

227 3641 390 3762 contendit,
406 3691 425 3747 l.
443 3693 469 3747 si
486 3693 610 3762 scrip‘uen
633 3709 674 3750 ιι.
693 3639 721 3748 d’.
740 3689 773 3749 de
788 3691 1035 3768 probationisque
1067 3701 1156 3752 munit
1184 3707 1265 3766 nant,
1283 3697 1330 3756 sed
1349 3694 1412 3767 tali,
1430 3701 1475 3769 qui
1494 3697 1552 3768 ipso
1570 3709 1626 3764 pure
1644 3691 1734 3750 nuilus
1751 3703 1880 3766 e.t,qua-

227 3763 294 3835 ssi.
311 3766 348 3834 15.
396 3783 423 3819 n.
436 3757 473 3832 ffl
491 3759 518 3818 b.
537 3778 558 3819 ι.
576 3759 700 3822 Mantica
727 3761 760 3820 de
787 3765 896 3839 crrjru.
923 3767 973 3824 ult.
992 3788 1036 3826 oo·
1067 3765 1104 3824 les
1122 3766 1168 3836 qui
1185 3779 1309 3826 emerunt
1327 3784 1343 3821 a
1361 3761 1472 3839 furioso,
1482 3784 1560 3836 quem
1578 3763 1708 3836 putabant
1726 3781 1881 3823 sanaemen-

228 3836 326 3906 luntat.
365 3831 435 3890 ‚on
456 3849 480 3888 a.
500 3835 542 3889 tir.
565 3845 587 3890 ι.
607 3853 681 3890 num.
704 3850 745 3890 ιι.
910 3837 913 3846 ¹
991 3843 1002 3884 -’
1067 3839 1102 3894 tis
1118 3856 1185 3910 esse,
1202 3853 1249 3896 aut
1267 3843 1296 3893 in
1313 3837 1405 3896 dotem
1424 3850 1583 3906 acceperunt
1603 3853 1620 3892 a
1637 3831 1724 3904 puella
1735 3833 1884 3910 duodecim

260 3903 287 3962 6.
306 3903 381 3976 Quin
401 3911 475 3978 imo,
501 3903 524 3962 si
550 3902 585 3959 ab
612 3905 743 3962 intestato
770 3899 947 3966 hereditatem
978 3909 1036 3977 quis
1065 3911 1145 3964 annis
1164 3909 1286 3978 minore,
1305 3923 1354 3966 aut
1372 3926 1388 3962 a
1405 3903 1522 3984 coniuge
1541 3926 1587 3979 per
1604 3909 1800 3972 donationem3
1816 3917 1882 3961 cum

229 3975 348 4034 vindicet
367 3973 403 4031 ab
422 3993 472 4046 eo,
490 3973 537 4043 qui
554 3989 697 4035 extraneus
712 3989 763 4050 est,
782 3994 832 4033 nec
850 3973 907 4049 jure
924 3996 952 4036 sa
992 3979 1035 4033 ui·
1065 3987 1189 4050 constet,
1207 3996 1291 4052 neque
1309 3977 1493 4037 venditionem
1512 3997 1598 4050 neque
1624 3977 1801 4034 donationem
1826 3975 1877 4034 do-

229 4045 272 4102 nis
289 4045 426 4122 succedere
444 4048 550 4116 potuit,
569 4064 602 4104 ne
619 4065 725 4106 necesse
742 4047 848 4117 quidem
864 4047 977 4121 erit‘,u
1006 4069 1035 4118 se
1065 4048 1134 4105 risve
1152 4045 1292 4108 dationem
1310 4045 1352 4104 his
1371 4053 1398 4106 in
1418 4049 1523 4107 casibus
1540 4067 1615 4119 posse
1641 4043 1778 4105 efficacem
1804 4063 1881 4117 esse,

228 4119 384 4243 qtoximum
402 4114 497 4187 probet
514 4113 636 4194 defitnEii
655 4130 800 4189 cognatum
816 4137 890 4189 esse,
910 4118 958 4188 sed
976 4117 1034 4178 suf-
1064 4117 1084 4174 l.
1103 4137 1150 4176 ιιι
1168 4119 1257 4178 nllnrn
1279 4113 1320 4178 13.
1337 4111 1366 4204 6.
1385 4119 1550 4178 osnnibus'r.
1594 4119 1647 4177 .b.
1667 4136 1686 4173 ι.
1709 4115 1760 4175 Pro
1779 4114 1881 4177 herede

163 4211 167 4224 ·
247 4192 305 4259 cit,
322 4189 395 4257 quod
411 4207 438 4246 se
455 4203 602 4261 cognatum
619 4189 732 4260 doceat,
749 4206 802 4258 quo
821 4189 955 4262 probato,
973 4209 1033 4259 pos-
1063 4207 1129 4250 uero
1147 4193 1223 4257 preci
1243 4209 1277 4249 ue
1317 4191 1408 4250 uidem
1426 4191 1472 4248 ille
1491 4192 1560 4263 possi
1580 4210 1625 4252 ere
1641 4191 1754 4263 dicitur,
1772 4185 1880 4262 quibo·

225 4259 334 4316 sessoris
351 4273 438 4332 esset,
454 4259 649 4332 demonstrari,
666 4257 792 4330 abietem,
811 4258 846 4317 ab
863 4259 923 4316 aliis
941 4267 1033 4336 proxi·
1065 4278 1101 4320 na
1119 4257 1172 4319 lide
1187 4209 1282 4320 sehet
1316 4281 1357 4318 en
1375 4281 1431 4322 ese
1449 4264 1598 4336 opinatur,
1624 4278 1687 4318 cum
1704 4265 1834 4330 nonsit,
1858 4256 1884 4330 l,

227 4327 357 4388 rarioribus
375 4334 403 4390 dr
422 4333 461 4388 ita
487 4325 546 4400 iura
572 4331 677 4402 potiora
705 4328 870 4388 habentibus
894 4333 1033 4390 succedere
1061 4347 1106 4401 pro
1122 4329 1213 4387 brrrn'e
1235 4350 1276 4389 ιι.
1295 4327 1336 4402 ff
1351 4331 1377 4389 b.
1401 4351 1422 4390 ι.
1441 4331 1467 4388 d.
1486 4325 1512 4408 6.
1538 4329 1710 4404 adipiscendo
1737 4325 1764 4387 3.
1783 4329 1879 4388 Insrir.

227 4401 385 4470 impeditum
402 4420 466 4461 esse.
486 4399 517 4460 Si
534 4405 607 4459 enirn
623 4396 773 4478 affirmanti
784 4400 912 4473 ,probatio
927 4405 1032 4458 incum-
1064 4399 1096 4456 de
1115 4402 1278 4476 interdictis,
1295 4403 1353 4461 sive
1371 4404 1402 4479 in
1420 4399 1513 4477 lacto,
1530 4406 1588 4463 sive
1606 4409 1633 4460 in
1652 4420 1709 4470 ture
1726 4411 1818 4467 estete
1844 4417 1879 4460 eo

228 4469 275 4528 bat
285 4515 295 4546 ,
311 4490 366 4530 non
386 4479 517 4546 neganti,
535 4475 562 4532 δι’
580 4474 669 4528 omnis
693 4477 822 4542 assertio,
849 4489 903 4549 qua
919 4472 979 4540 quis
1004 4493 1033 4534 se
1061 4473 1134 4546 quod
1151 4479 1205 4544 ipse·
1221 4492 1325 4546 quoque
1344 4471 1409 4540 iuris
1425 4491 1501 4532 error
1510 4475 1603 4536 alienu
1616 4476 1656 4532 rei
1671 4473 1886 4547 conscientiam,

210 4537 225 4552 ⁹
245 4543 381 4605 roximum
399 4541 529 4604 defuniio
545 4561 602 4602 esse
617 4543 676 4613 ait,
703 4561 752 4611 pro
779 4537 956 4600 fundamento
983 4539 1032 4602 ha·
1062 4543 1215 4614 rnalarnque
1233 4545 1301 4603 adeo
1318 4540 1417 4620 iidem,
1435 4545 1575 4618 excludit,
1601 4547 1620 4602 l.
1638 4545 1689 4601 sed
1715 4547 1767 4602 etsi
1788 4541 1830 4602 15.
1849 4535 1877 4616 6.

261 4629 289 4692 at
307 4617 479 4692 negationem
497 4613 573 4670 illam
591 4611 674 4672 alium
693 4610 804 4676 nullum¹
815 4631 870 4690 esse
887 4617 1032 4685 proximio-
1062 4617 1128 4680 scire
1144 4614 1170 4672 6.
1181 4611 1221 4686 ff.
1240 4615 1267 4672 b.
1287 4633 1308 4671 ι.
1332 4615 1388 4674 hec
1403 4627 1464 4688 est,
1482 4617 1551 4686 quod
1569 4633 1651 4690 quem
1669 4615 1782 4688 turbet,
1810 4610 1881 4691 juris

226 4703 302 4762 tem,
318 4701 421 4745 necesse
438 4697 489 4769 est,
506 4696 536 4742 ut
553 4700 696 4743 extraneus
714 4703 845 4756 possessor
862 4681 1032 4748 consessione
1061 4703 1179 4746 errorem
1197 4703 1252 4744 uon
1272 4686 1396 4757 modeste
1413 4689 1552 4759 acquirere
1577 4686 1731 4746 volentibus
1758 4686 1878 4750 lucrum·

224 4757 332 4825 propala
350 4756 455 4818 nullum
474 4775 514 4826 pus
531 4753 654 4826 habens,
669 4757 781 4826 doceat,
800 4753 888 4829 illum,
905 4759 950 4828 qui
969 4774 1031 4816 tan·
1079 4755 1317 4831 acceptantibus,
1335 4759 1442 4836 Ljuris
1462 4761 1612 4834 &notantia
1633 4774 1658 4830 7.
1671 4755 1712 4831 ff.
1741 4758 1773 4816 de
1798 4761 1878 4834 jessit

221 4829 302 4900 ιιιιιιι
318 4839 450 4904 cognatus
465 4827 503 4886 ad
519 4827 712 4888 successionem
730 4823 766 4885 ab
783 4826 913 4888 intestato
939 4831 1032 4892 venire
1061 4777 1096 4896 di
1105 4825 1182 4904 finti
1199 4831 1360 4904 narrante,
1376 4847 1438 4898 eum
1455 4849 1590 4903 possesor
1607 4829 1685 4892 boue
1706 4827 1767 4898 fidei
1785 4831 1878 4892 inhac
