4026 5360
854 29 860 55 i

298 189 366 278 udo
873 200 876 209 ’
909 205 981 272 Lib.
1008 205 1062 270 lV.
1087 203 1148 272 iit.
1174 199 1228 270 W.

244 289 286 345 vis
305 305 369 346 vero
385 288 498 359 purtim
531 301 632 350 tratum
649 309 665 348 a
682 291 787 354 minore
805 292 892 353 atatis
906 296 1047 369 sutilius,
1075 295 1131 369 eius
1158 293 1327 366 alienatum)
1356 286 1409 353 sibi
1435 301 1544 366 cuperet
1569 305 1604 348 err
1634 285 1785 351 inmunis
1810 293 1892 348 muse

242 355 385 418 hareditas
403 358 444 416 vel
469 379 500 418 su
532 364 631 435 titutis,
655 363 699 423 vel
720 365 914 438 coheredibus,
940 367 983 424 vel
1010 367 1046 425 ab
1074 371 1221 440 quesitum
1251 365 1324 426 luod
1341 373 1363 424 si
1387 367 1522 422 minorem
1550 360 1678 422 suumne
1704 358 1811 431 publica
1834 377 1892 418 non

204 461 207 466 ι
240 431 372 514 intestato¹
387 437 544 489 successuris
562 437 602 488 ita
619 431 772 508 plerumque
788 437 876 508 celat,
892 454 924 494 ac
942 439 966 493 si
984 436 1046 494 nul·
1076 431 1232 498 vidium'ab·
1246 443 1322 512 aio,
1338 437 1385 497 sed
1402 434 1536 492 licitando
1552 437 1648 490 vicisse
1663 431 1828 502 contigerit,
1846 443 1891 486 at-

241 497 269 556 ls
287 501 377 556 medio
394 509 514 572 tempore
531 502 617 562 aditio
636 500 706 562 tatis
722 517 802 576 esset,
821 507 840 561 l.
858 527 889 562 es
909 509 1045 567 contraiis
1074 524 1125 582 que
1144 512 1184 566 ita
1203 509 1302 568 remei
1321 507 1490 576 solemniter,
1508 521 1539 561 ec
1556 521 1591 562 ex
1609 519 1658 572 usit
1685 499 1816 560 hodierno
1842 517 1889 570 per

238 567 285 640 44.
302 565 335 639 ff.
353 567 386 624 de
402 573 591 656 rejudicare,
608 585 711 645 tamen,
727 589 858 648 quantum
885 578 920 635 ad
937 574 984 646 ¹ius
1000 595 1045 636 ac·
1075 581 1172 652 judicis
1188 579 1347 652 decremm,
1365 573 1621 640 funestissimi
1638 573 1710 629 r³t³0
1729 569 1804 628 nulla
1819 583 1890 654 ,δὴ

236 641 376 700 crescendi
393 653 504 713 attinet,
520 643 744 706 considerandum
769 660 821 718 est,
842 646 974 708 coheredl
997 665 1045 704 vo-
1073 669 1123 707 cur
1141 651 1321 709 restituendus
1340 665 1395 708 non
1412 656 1500 717 esset,
1516 645 1563 702 ubl
1582 640 1736 702 ¹11⁰0¹²⁸l¹¹t2
1753 651 1839 700 'iim
1849 637 1890 696 θ’

237 713 304 795 lenti
323 721 442 795 tantum,
460 711 770 787 haudquaquaminvito,
787 719 938 776 adneeem
955 719 1045 774 mino-
1073 720 1180 778 cilitate
1198 737 1229 776 ac
1248 719 1372 778 licitandi
1390 714 1495 775 fervore
1520 734 1547 774 se
1573 715 1708 776 lesionem
1735 711 1889 796 graviorem

237 801 275 839 ras
293 793 413 866 restituti
430 783 583 851 portionem
599 787 628 844 dr
646 803 714 862 onus
723 807 736 855 ,·
751 805 834 858 eoque
843 788 988 846 admittere
1001 807 1045 847 re·
1075 790 1188 850 subiisse
1204 791 1284 850 docet
1302 789 1373 848 rint.
1392 785 1541 848 Mattheus
1558 785 1591 842 de
1607 783 1706 841 aiilon.
1723 778 1781 838 liis.
1796 793 1891 850 r.capr

158 889 159 906 1
236 852 522 921 esante,m1ttendos
538 875 594 916 esse
610 857 754 915 creditores
771 859 912 930 iniparti's,
936 875 985 928 per
1001 873 1044 916 re-
1073 876 1116 918 ao.
1134 881 1208 919 num.
1228 857 1271 930 dd
1407 910 1413 918 .
1818 861 1821 870 ’
1848 920 1855 936 ,
1910 894 1915 908 ·

234 923 409 983 stitutionem
428 926 559 997 vacantis,
576 927 776 998 posessionem,
802 927 864 984 isi
889 931 974 986 minor
992 945 1043 984 an·
1109 943 1152 1006 29.
1172 928 1430 1000 iuxtraiuttciatrbto
1451 926 1567 1001 denique
1593 921 1710 996 negotiis
1737 922 1890 979 restitutio-

235 997 277 1051 m's
290 985 380 1118 61μῖ
388 988 420 1047 de
437 995 537 1065 arquis.
556 997 600 1052 vel
614 999 688 1054 omis.
706 995 800 1054 hored.
820 995 951 1068 limporis.
962 997 1043 1060 tho·
1072 1019 1136 1059 nem
1152 1001 1360 1060 admittentibus
1377 1014 1410 1058 est
1437 1003 1525 1068 capite
1551 993 1772 1052 minorennitatis
1798 1007 1892 1050 aunu-

234 1078 295 1122 rum
361 1060 425 1118 llan.
435 1077 507 1134 pass.
520 1063 546 1134 4.
557 1065 645 1121 consil.
662 1085 684 1122 1.
695 1068 724 1123 in
733 1067 802 1142 fine,
819 1070 865 1137 qui
883 1072 912 1128 dr
928 1085 988 1125 eam
1006 1067 1042 1124 ob
1066 1067 1177 1129 'morata
1194 1073 1334 1130 invenitur
1351 1071 1478 1138 usucapio
1495 1085 1527 1124 ac
1543 1066 1728 1138 prascriptioi
1746 1073 1778 1132 iii
1795 1073 1889 1136 timu

232 1149 342 1192 causam
360 1130 505 1201 implorato
521 1151 567 1205 per
583 1135 717 1194 minorem
734 1140 913 1196 restitutionis
938 1137 1042 1197 auxilio
1071 1160 1122 1199 nec
1140 1142 1213 1199 idem
1230 1156 1277 1212 per
1297 1141 1390 1198 omnia
1415 1143 1445 1196 in
1473 1147 1591 1206 unaque
1615 1134 1758 1200 Obtiflffis
1783 1149 1832 1188 ¹¹⁵⁰
1858 1135 1889 1190 ³¹¹

232 1203 364 1264 evocandi
382 1213 455 1274 sunt,
471 1201 614 1262 observata
632 1209 771 1265 citationis
789 1204 877 1264 fornia
895 1226 941 1279 pet
958 1209 1040 1267 lusti-
1070 1210 1214 1280 puberibus
1230 1229 1331 1282 semper
1351 1207 1424 1280 tale,
1451 1208 1531 1282 quale
1559 1211 1589 1264 in
1616 1201 1821 1274 impuberibus,
1848 1199 1890 1272 jus
1960 1225 1967 1232 ·
2002 1217 2007 1232 ·

232 1273 349 1332 lilinum
365 1273 517 1344 imiimi
534 1275 625 1334 novell·
640 1288 697 1348 1¹9.
714 1277 824 1352 cauqd
837 1278 889 1335 bac
907 1275 1039 1352 quoque&
1069 1293 1196 1340 servetur.
1229 1279 1342 1339 Etenim
1358 1293 1420 1336 cum
1436 1276 1611 1346 unreapiendi
1628 1287 1890 1354 temporanoncur·

203 1411 207 1417 ,
233 1341 280 1402 Sic
297 1354 328 1400 Ui
347 1343 410 1411 39⁵ss
431 1341 503 1423 iliud
520 1351 639 1406 emti&
649 1349 845 1418 interpositum
862 1349 1040 1413 restitutionis
1069 1367 1134 1420 rant
1153 1350 1335 1424 impuberibus
1353 1368 1397 1408 seu
1414 1353 1511 1406 contra
1529 1365 1571 1405 res
1588 1359 1700 1418 eorum,
1719 1341 1764 1418 (ut
1780 1343 1889 1402 dicetur

231 1413 368 1472 decretum
385 1413 616 1482 preludicaturum
634 1435 689 1474 non
708 1422 754 1490 sit,
771 1418 789 1474 l.
807 1421 891 1475 esiam
919 1421 941 1474 sl
965 1433 1040 1488 pain
1069 1426 1112 1479 tit.
1131 1421 1163 1479 dr
1183 1439 1271 1493 usurp.
1290 1420 1324 1484 Θ
1351 1415 1472 1490 usucap.)
1500 1416 1577 1475 nulla
1603 1422 1687 1474 etiam
1705 1413 1889 1476 frestiiuffloe

230 1494 274 1566 ²9:
293 1483 322 1551 11
324 1525 331 1540 .
349 1484 398 1568 uls.
415 1481 449 1553 ff.
467 1482 529 1541 bu.
551 1484 632 1558 Quod
649 1489 673 1544 si
691 1491 791 1574 minor,
810 1492 988 1560 restitutam
1007 1487 1039 1545 i·
1068 1498 1138 1562 ipsos
1156 1495 1298 1565 indigere,
1318 1489 1466 1548 indubitati
1484 1483 1551 1558 lurss
1568 1497 1624 1559 ⁸⁵¹>
1644 1487 1662 1543 l·
1681 1483 1753 1540 dm
1764 1479 1886 1566 Misi&

230 1555 420 1612 dercommrsso
437 1553 602 1614 hereditatis
618 1570 703 1628 parte,
723 1561 924 1628 restinttionem
935 1575 1038 1616 merue-
1061 1560 1099 1634 ff.
1118 1561 1151 1618 de
1168 1567 1268 1636 acquir.
1288 1581 1339 1620 rer.
1356 1559 1454 1618 domin.
1473 1559 1511 1615 lit
1530 1559 1554 1616 si
1571 1555 1684 1627 puberes
1699 1557 1776 1624 sint,
1796 1569 1887 1611 mino-

233 1626 290 1689 rit5
308 1627 383 1693 optio
401 1622 647 1685 fideicommissario
664 1627 808 1690 &uerendi
833 1626 913 1702 foret,
940 1642 972 1688 ut
990 1643 1038 1686 aut
1068 1651 1166 1692 rennes
1182 1647 1276 1692 tamen
1286 1675 1295 1706 ,
1313 1635 1447 1700 usucapio
1467 1628 1577 1698 quidem
1595 1630 1623 1687 dr
1642 1641 1752 1684 currere
1762 1624 1889 1682 adversus

230 1695 383 1764 portionem
400 1711 504 1764 quoque
522 1699 636 1774 minoris
654 1703 773 1760 restituti
791 1713 930 1773 agnoscat,
956 1712 1003 1758 aut
1021 1717 1038 1756 a
1067 1721 1114 1762 eos
1130 1705 1159 1764 it
1174 1704 1283 1775 impleri
1301 1711 1409 1774 potesis
1429 1717 1513 1772 usque
1531 1697 1608 1769 ideo,
1626 1709 1656 1752 ut
1675 1694 1713 1752 0¹³
1723 1692 1890 1765 impuberem

230 1777 292 1823 eota
308 1763 428 1823 discedat
445 1763 611 1840 hereditate,
628 1781 676 1826 aut
692 1772 850 1831 omnimodo
859 1770 1037 1842 patietur-bo·
1068 1772 1194 1840 impedita
1212 1787 1335 1843 etatem,
1352 1783 1413 1842 post
1430 1775 1602 1840 pubertatem
1623 1764 1750 1822 inchoari
1778 1765 1886 1836 possit,

230 1853 272 1894 na
289 1833 411 1906 divendi,
430 1847 461 1893 ut
478 1836 517 1907 id,
535 1839 605 1907 quod
625 1839 786 1910 superiluum
801 1856 852 1913 est,
871 1843 972 1899 mincii
981 1858 1036 1899 ser·
1067 1860 1125 1918 arg.
1143 1847 1158 1903 l.
1175 1861 1220 1916 pso
1237 1861 1335 1901 emim
1353 1859 1378 1899 s.
1389 1839 1435 1966 J.
1455 1842 1480 1896 si
1497 1859 1515 1894 a
1530 1837 1625 1909 pupillo
1648 1835 1687 1894 15.
1700 1831 1739 1905 -ffi
1754 1850 1800 1906 pro
1826 1855 1884 1891 ers·

230 1919 319 1976 vetur,
337 1907 354 1960 l.
374 1911 399 1990 fi
413 1906 523 1988 pupillas
541 1919 584 1980 79.
601 1905 634 1980 ff.
653 1910 697 1964 ad
707 1914 844 1972 Senam
864 1909 973 1971 Tvebsll.
1066 1931 1135 1988 tore,
1153 1916 1170 1972 l.
1190 1914 1308 1973 unicui}
1330 1914 1353 1970 ri
1370 1932 1388 1966 a
1409 1930 1474 1970 verr.
1492 1911 1651 1987 usucaptis.
1679 1903 1734 1966 Sed
1752 1905 1817 1978 quia
1845 1904 1887 1965 lu-

263 1989 307 2046 27.
324 1971 452 2048 Quisquis
468 1988 561 2035 autem
578 1995 611 2038 er
627 1999 707 2039 causa
724 1987 812 2046 etatis
834 1985 961 2043 adversus
978 1983 1036 2040 adi·
1068 1984 1144 2043 brico
1161 1987 1247 2044 atatis
1265 1982 1387 2058 negleiia
1407 1981 1491 2039 videri
1510 1991 1599 2049 potest
1616 1996 1675 2048 ejus
1702 1977 1888 2052 interruptio,
1962 2029 1966 2036 ,

226 2047 332 2104 tionem
350 2059 480 2127 tunquam
495 2048 654 2108 damnosam
672 2055 812 2113 restitutus
827 2068 877 2127 est,
903 2056 926 2109 si
946 2063 1035 2122 postea
1066 2057 1247 2113 restitutionis
1264 2051 1395 2114 auxilium
1412 2051 1521 2111 decerni
1539 2065 1643 2122 equum
1662 2045 1724 2119 fuit,
1744 2045 1805 2102 dl.
1816 2049 1887 2104 unic,

226 2119 402 2174 emissionem
418 2115 470 2174 sibi
488 2137 585 2178 nocere
600 2120 791 2196 deprehendet,
810 2143 866 2181 non
890 2123 1035 2193 impeditur
1066 2125 1237 2196 'Pomporales
1254 2143 1321 2184 vero
1337 2124 1550 2194 proscriptiones
1569 2117 1653 2178 nullis
1670 2133 1778 2176 currere
1795 2117 1888 2175 mino·

225 2189 353 2248 adversus
371 2189 544 2244 omissionem
562 2189 705 2260 implorare
722 2194 790 2253 idem
809 2195 877 2260 illud
890 2194 977 2256 atatis
988 2209 1035 2252 au-
1065 2197 1138 2254 ribus
1156 2196 1276 2270 placuit,
1293 2202 1349 2253 sive
1366 2191 1483 2264 puberes
1500 2203 1607 2261 essent,·
1630 2190 1689 2245 sive
1717 2185 1888 2267 impuberess

227 2255 335 2328 silium,
352 2271 431 2327 atque
448 2259 488 2313 ita
505 2277 595 2318 rursu
613 2265 648 2322 ad
664 2279 735 2336 earn,
753 2281 833 2334 quum
850 2281 883 2323 ex
912 2266 1035 2323 rimare·
1065 2266 1197 2340 longeque
1216 2264 1313 2327 reditus
1331 2261 1436 2321 inradia
1453 2266 1553 2320 servari
1571 2263 1712 2317 minorum
1729 2275 1796 2328 rura,
1843 2273 1889 2315 am

226 2331 371 2389 stitutione
378 2327 568 2412 dereliquerat,
585 2333 673 2392 redire
683 2333 876 2404 hereditatem,
893 2285 962 2393 daia
971 2349 1035 2404 psa·
1055 2350 1124 2406 post
1144 2334 1315 2396 vulneratam
1333 2351 1440 2394 causam
1458 2330 1575 2390 remedia
1594 2333 1699 2412 queris
1710 2347 1765 2401 quo
1776 2327 1803 2386 sa
1833 2343 1878 2385 um

228 2416 269 2482 rof
287 2411 313 2482 73
324 2391 350 2472 §
360 2413 495 2456 nstitutus
503 2412 529 2472 9.
533 2403 567 2468 ff.
578 2401 604 2458 h.
614 2419 633 2459 r.
653 2407 706 2461 nisi
731 2403 918 2463 filiusfamilias
945 2407 1034 2461 mino·
1065 2421 1095 2464 ut
1111 2425 1306 2476 supervacuum
1324 2407 1387 2474 ipsis
1405 2407 1520 2472 evaserit
1537 2405 1626 2458 atatis
1653 2399 1839 2473 adjutorium,
1868 2371 1887 2455 d

226 2487 331 2540 rennrs,
348 2481 488 2540 postquam
505 2469 612 2531 auuore
630 2487 706 2542 petre
722 2475 855 2550 adiverat,
883 2485 930 2534 aut
958 2491 1034 2544 repu-
1065 2477 1113 2539 uls.
1132 2480 1161 2534 in
1178 2477 1249 2550 quib.
1266 2497 1340 2534 caus.
1359 2478 1389 2532 ἑκ
1406 2477 1446 2532 int
1476 2495 1498 2528 r.
1517 2477 1631 2530 restitut.
1651 2489 1750 2528 necess.
1769 2487 1822 2526 non
1840 2485 1891 2542 ess,

225 2541 348 2598 disserat
366 2537 484 2596 dsistam
501 2541 552 2600 sibi
564 2541 757 2615 hereditatem,
775 2551 976 2606 restitutionem
983 2549 1034 2600 im-
1065 2546 1131 2605 ebro
1150 2555 1200 2604 atis
1218 2547 1320 2621 legibus
1337 2493 1531 2612 anteriodgbus,
1550 2543 1769 2624 praescriptiones
1785 2541 1890 2600 udmit·

224 2607 496 2692 petressetadversus
513 2612 552 2684 id,
574 2615 646 2684 quod
663 2629 755 2688 egeret
772 2619 856 2686 patris
874 2615 990 2686 consilio
1006 2617 1035 2674 dt
1064 2563 1187 2675 tenedus
1224 2631 1304 2689 atque
1321 2618 1390 2674 adeo
1406 2615 1491 2673 etiam
1509 2611 1645 2698 abrogata·
1668 2611 1889 2682 dispositionel.

223 2675 504 2762 consularemque
523 2685 597 2738 enim
615 2683 701 2742 ullum
726 2686 752 2742 ei
778 2685 891 2756 amplius
916 2696 1034 2752 superest
1062 2701 1186 2756 properas
1223 2682 1315 2743 m'rd.
1334 2686 1361 2741 C.
1379 2681 1562 2756 desudans,
1580 2701 1619 2740 m.
1637 2694 1771 2756 quantum
1800 2683 1829 2737 in
1859 2675 1888 2754 d.
1943 2701 1946 2708 ·

222 2751 351 2809 adversus
366 2765 483 2820 prrmam
500 2755 704 2812 restitutionem
721 2753 863 2813 obtentam
878 2754 1034 2826 remedium,
1064 2757 1114 2816 uls.
1133 2758 1247 2821 triennii
1263 2769 1385 2826 tempus,
1404 2756 1479 2818 intra
1495 2752 1568 2823 quod
1585 2751 1650 2812 lites
1666 2751 1760 2813 civiles
1787 2755 1889 2810 termi-
1946 2764 1952 2770 ·

223 2821 304 2894 idque
322 2821 351 2876 in
370 2835 475 2888 punam
493 2823 693 2883 inconsiderate
710 2828 794 2896 spreti
804 2822 897 2894 iudicii
908 2826 1035 2895 paternis
1064 2827 1161 2894 nands
1178 2836 1278 2897 erant,
1295 2823 1448 2884 minoribus
1465 2839 1573 2896 quoque
1589 2839 1622 2880 ac
1641 2821 1752 2894 pupillis
1769 2839 1878 2880 currere

225 2903 256 2948 ut
275 2892 314 2956 itu
331 2889 436 2949 discant
453 2889 544 2962 liberi,
563 2911 618 2958 non
637 2906 738 2954 temere
748 2894 1034 2964 veniendumessead-
1063 2899 1199 2956 sancitum
1218 2893 1305 2954 luerat
1317 2913 1326 2964 ς
1342 2911 1406 2952 cum
1421 2891 1670 2962 ert'subscriptione
1728 2903 1787 2960 teat
1810 2890 1838 2946 d.
1868 2863 1889 2948 d

225 2977 373 3041 versusee,
390 2977 448 3029 que
465 2975 579 3030 paterno
595 2964 713 3021 consilio·
727 2961 823 3034 (quod
847 2967 982 3034 optimum
999 2963 1034 3019 li·
1069 2963 1110 3023 15.
1138 2971 1300 3026 anteriorem
1323 2985 1395 3024 esse.
1427 2960 1561 3034 cujacio,
1590 2913 1744 3036 liagueldd,
1773 2958 1888 3031 aliisque

224 3027 295 3087 beris
314 3049 370 3098 lure
389 3029 574 3106 presumunt)
594 3031 801 3107 fiseretrsiiats,
820 3023 1033 3110 laudauit
1066 3039 1155 3094 vnum
1172 3037 1279 3106 quidem
1298 3032 1369 3106 fuit,
1387 3049 1444 3092 non
1467 3051 1529 3092 esse
1547 3032 1680 3089 abolitam
1696 3032 1723 3090 d.
1753 3032 1815 3108 legis
1847 3027 1888 3089 ιδ.

224 3099 257 3154 dr
274 3099 356 3169 bonis,
372 3118 429 3170 qua
445 3101 549 3161 liberis.
1064 3107 1285 3178 dispositionem,
1301 3107 1377 3180 quasi
1396 3104 1610 3176 prascriptiones
1627 3104 1736 3177 quidem
1749 3115 1888 3173 tempora-

258 3169 301 3226 zi.
322 3167 361 3226 lie
378 3168 532 3229 licitatione
550 3167 682 3234 Romanis
700 3177 807 3247 quidem
817 3174 947 3247 placuisse
956 3175 1033 3233 vide·
1065 3176 1103 3234 les
1121 3193 1177 3234 non
1196 3189 1335 3235 currerent
1352 3165 1523 3245 minoribus,
1542 3174 1571 3231 in
1590 3174 1617 3230 d.
1638 3192 1705 3231 vero
1721 3181 1740 3231 l.
1764 3168 1805 3231 13.
1834 3189 1889 3230 nou

222 3253 279 3310 tur,
297 3242 429 3298 minorem
445 3242 599 3301 licitatione
607 3259 768 3319 superatum,
788 3266 821 3304 ac
830 3248 1035 3304 restitutionem
1065 3258 1187 3320 ageretur
1204 3246 1238 3304 de
1256 3246 1455 3315 prascriptione
1473 3243 1636 3314 temporali,
1654 3244 1700 3301 sed
1718 3245 1752 3301 de
1783 3256 1810 3301 te
1859 3259 1890 3301 o·

221 3322 361 3393 petentem
379 3312 505 3371 adversus
522 3311 704 3376 addidiionem
722 3313 1035 3389 pluslicitantifadam,
1069 3335 1115 3390 re,
1134 3333 1188 3386 quo
1204 3318 1262 3386 ipso
1279 3311 1337 3386 jure
1355 3313 1572 3400 lites'liniuntur.
1597 3309 1789 3370 Wissenbacls
1804 3332 1823 3367 a
1860 3315 1888 3368 d.

222 3379 387 3440 asrdrendum
404 3401 468 3456 esse,
486 3391 508 3442 si
524 3402 574 3442 suu
591 3388 718 3446 interesse
734 3389 830 3447 doceat
848 3384 1035 3444 remstbiem-
1065 3390 1086 3444 l.
1109 3383 1149 3444 13.
1166 3379 1192 3460 d.
1212 3385 1261 3443 uls.
1280 3383 1335 3444 Sed
1353 3398 1394 3444 utr
1411 3391 1495 3460 gratis
1522 3385 1669 3442 assumitur
1699 3380 1788 3452 illud,
1814 3383 1890 3455 quod

220 3463 298 3522 ptum
314 3451 423 3525 habere,
442 3451 526 3512 veluti
544 3455 616 3524 quod
634 3454 767 3527 majorum
780 3456 837 3528 ejus
855 3453 960 3526 fuisset,
980 3453 1033 3512 dri
1067 3460 1125 3544 ipso
1142 3455 1201 3528 jure
1216 3454 1281 3512 lites
1299 3454 1448 3528 finiantur,
1466 3459 1506 3511 ita
1525 3465 1648 3528 nonest,
1666 3469 1714 3508 cur
1732 3450 1776 3506 his
1795 3469 1890 3510 essen-

219 3523 257 3603 in·
269 3526 413 3580 emtionem
430 3517 515 3597 unffi
527 3524 552 3582 b.
564 3543 584 3581 s.
602 3527 662 3586 sive
679 3528 714 3587 de
733 3529 892 3586 venditione
919 3543 966 3597 per
984 3543 1034 3584 eu·
1067 3543 1177 3588 namur.
1206 3521 1318 3585 Habent
1336 3539 1428 3586 autem
1447 3525 1501 3585 hec
1518 3525 1603 3580 etiam
1620 3533 1688 3580 tunc
1705 3518 1807 3596 locum,
1826 3541 1891 3580 cum

220 3587 339 3650 divonem
356 3592 492 3663 publicam
509 3596 715 3667 accipiamusd.
725 3599 805 3684 Ιιμηι
814 3595 857 3655 55.
867 3599 925 3654 sire
934 3596 968 3654 de
978 3597 1034 3666 pri·
1066 3600 1194 3665 adversus
1211 3594 1396 3663 nulorennem
1415 3595 1543 3654 inchoata
1565 3592 1732 3664 prescriptio
1757 3605 1819 3666 est,
1844 3595 1890 3651 cui

221 3676 287 3718 vate
307 3666 335 3718 in
354 3664 429 3722 diem
448 3663 689 3738 inuidioseque
712 3671 815 3726 minori
842 3685 888 3736 per
907 3667 1036 3727 vendito-
1065 3665 1196 3730 defundis
1213 3671 1304 3724 minor
1320 3673 1466 3736 seccessit:
1483 3668 1636 3736 quiescente
1654 3660 1758 3720 scilicet
1776 3664 1892 3723 interim

221 3731 367 3793 reinsede
385 3747 452 3805 erat,
470 3739 582 3793 sialiter
600 3741 673 3800 insta
692 3755 793 3796 certum
821 3753 922 3807 semsm
943 3738 1036 3795 malio-
1067 3755 1149 3808 usque
1169 3739 1205 3797 ad
1223 3741 1262 3794 im
1280 3737 1363 3797 letam
1382 3750 1489 3796 atatem
1507 3733 1652 3807 pericuum
1681 3735 1892 3806 prescriptionis

219 3827 277 3860 rem
296 3803 469 3862 condicionem
487 3803 630 3884 obmb'srer,
647 3807 680 3864 de
697 3825 749 3878 qua
766 3823 808 3868 est
835 3807 929 3866 titulus
955 3806 988 3862 dr
1010 3809 1038 3863 it
1068 3827 1220 3880 progressu.
1248 3759 1371 3882 dumque
1389 3807 1444 3876 jure
1463 3823 1535 3866 novo
1551 3805 1664 3864 sublate
1684 3803 1809 3878 luerint,
1835 3823 1891 3875 qua

219 3874 293 3930 diem
310 3873 468 3933 additione.
488 3877 541 3936 Sed
561 3879 606 3932 vix
624 3888 672 3945 est,
690 3891 721 3935 ut
739 3881 812 3937 tanti
841 3895 899 3934 non
926 3877 962 3934 sit
990 3875 1039 3933 illa
1070 3882 1208 3952 quondam
1227 3880 1299 3940 inter
1316 3879 1508 3950 usucapionem
1526 3891 1558 3932 ac
1576 3877 1653 3948 longi
1672 3876 1803 3944 temporis
1819 3891 1887 3944 pra-

226 3943 370 4018 peculiaris
388 3947 416 4002 in
437 3965 495 4006 rem
512 3948 634 4006 venalem
650 3945 767 4021 assuto,
781 3962 815 4006 vut
832 3947 939 4007 'obeam
954 3946 1041 4005 solam
1068 3952 1245 4020 scriptionem
1263 3955 1466 4009 intercesserant
1484 3941 1658 4019 differentia,
1676 3951 1720 4002 tit.
1742 3946 1771 4002 C.
1791 3963 1891 4004 uruca·

232 4015 305 4084 apud
323 4033 373 4072 nos
391 4019 530 4078 restitutio
548 4020 650 4088 minori
667 4019 844 4088 impertienda
858 4016 936 4075 foret.
955 4016 1045 4076 Groe-
1068 4025 1141 4092 plone
1159 4018 1213 4077 tra'
1229 4019 1382 4092 armanda,
1400 4019 1516 4076 rationis
1533 4029 1591 4091 est,
1615 4029 1647 4076 ut
1672 4017 1709 4076 ad
1735 4013 1891 4086 exemplum

227 4103 364 4158 newegen
382 4087 423 4143 ad
437 4088 455 4145 l.
468 4083 611 4165 7.§.d.&
630 4089 670 4144 ad
685 4085 872 4165 inspius.
891 4084 1045 4148 Ant-Mat·
1090 4093 1282 4162 rescriptionis
1299 4095 1383 4150 etiam
1399 4090 1591 4159 mucapionem
1618 4087 1744 4147 adversus
1770 4089 1891 4164 minores

226 4153 312 4214 thnus
330 4156 361 4214 ds
381 4159 821 4231 autina.libs.1.cap.1o.v45.
841 4157 902 4219 Nec
920 4157 965 4216 his
978 4173 1044 4216 con·
1072 4111 1146 4221 Ksed
1162 4179 1269 4222 currere
1286 4161 1488 4230 existimemus,
1506 4175 1538 4218 ac
1561 4158 1676 4230 proinde
1703 4175 1754 4228 nec
1780 4159 1890 4219 restitu-

227 4229 316 4284 truria
333 4241 407 4302 sunt,
426 4250 482 4301 qus
501 4231 621 4302 superius
639 4227 693 4286 hoc
711 4230 759 4288 tit:
773 4232 892 4300 tradita,
911 4233 1046 4289 minorem
1070 4235 1150 4290 tione
1165 4233 1273 4292 eosdem
1292 4231 1344 4290 hoc
1361 4247 1424 4290 casu
1451 4245 1547 4302 egere,
1577 4230 1684 4289 Pretius
1708 4234 1751 4287 tit.
1779 4229 1839 4288 ud.
1855 4232 1891 4287 -si

231 4316 329 4369 nempe
347 4297 435 4372 juvari
453 4303 615 4374 quandoque
632 4299 655 4357 si
672 4297 796 4372 roseius,
823 4304 853 4358 in
871 4317 950 4370 quam
967 4317 1046 4369 pecu·
1071 4301 1200 4360 aduersus
1218 4317 1327 4373 usucap.
1346 4304 1374 4359 in
1386 4301 1461 4374 fine.
1490 4297 1653 4376 Longissimi
1678 4297 1759 4370 plane
1786 4315 1890 4370 tempo·

227 4369 295 4428 'llari
311 4388 345 4442 sc
363 4369 499 4440 probabili
516 4372 664 4430 ducebatur
681 4367 831 4443 cnutone,
857 4371 987 4430 densus
1005 4391 1057 4430 es-⁴
1070 4377 1107 4430 ris
1126 4375 1304 4444 prescriptio,
1323 4389 1380 4445 que
1398 4386 1532 4429 annorum
1551 4374 1666 4446 triginta
1682 4369 1824 4429 curriculis
1838 4377 1890 4428 im·

227 4453 278 4500 set.
298 4437 411 4498 litenim
430 4441 475 4499 lon
496 4461 510 4508 e
528 4441 656 4516 megisti
676 4437 824 4502 savemlum
849 4441 910 4516 luit,
937 4443 983 4512 qui
1010 4435 1180 4516 oblpletur,
1197 4446 1263 4516 quin
1286 4441 1342 4518 iure
1360 4459 1433 4501 novo
1448 4447 1598 4501 etiamnum
1619 4441 1746 4498 adversis
1772 4441 1890 4500 minores

226 4512 393 4586 singularem
411 4458 581 4572 affeidionem
601 4517 630 4568 iu
648 4527 705 4568 rern
723 4525 798 4574 suam
826 4514 974 4586 propriam,
1001 4515 1046 4572 sed
1070 4517 1217 4587 procedat,
1244 4513 1371 4573 dubitare
1395 4529 1452 4572 nou
1475 4513 1571 4590 sinunt
1599 4509 1795 4580 Impereto'ress
1822 4509 1890 4571 dum

224 4587 343 4644 durante
360 4582 466 4642 minore
484 4595 562 4642 atate
578 4582 740 4664 alienatam,
767 4583 820 4644 sibi
845 4601 906 4642 eam
923 4585 1045 4656 restitui,
1072 4584 1233 4656 pupillarem
1249 4586 1389 4644 duntaxat
1400 4596 1561 4654 exceperunt
1579 4596 1702 4663 atatem,
1719 4579 1738 4637 Ι.
1760 4578 1835 4643 'sicut
1861 4579 1888 4640 ὃ.

224 4668 307 4726 atque
325 4652 365 4708 ita
382 4651 434 4710 sibi
452 4654 602 4712 dominium
628 4669 686 4725 enm
715 4658 871 4713 conservari
888 4655 1042 4726 desiderum
1071 4657 1098 4712 C.
1116 4656 1151 4712 de
1167 4658 1302 4729 prascript.
1319 4651 1365 4712 do.
1384 4657 1429 4715 vel
1443 4653 1489 4725 do.
1508 4669 1605 4712 anmi.
1623 4651 1706 4723 tundi.
1735 4651 1755 4710 l.
1782 4653 1832 4714 uls.
1857 4655 1888 4710 in

225 4725 345 4794 quamsi
362 4721 402 4794 id,
419 4725 491 4792 quod
508 4724 629 4784 alienuln
645 4737 697 4796 est,
724 4745 785 4784 mm
815 4739 952 4799 nunquam
971 4723 1038 4784 fuic-
1063 4725 1122 4801 fine
1139 4729 1167 4784 C.
1186 4731 1216 4784 in
1232 4725 1303 4798 quib.
1320 4731 1442 4786 canc-ia
1460 4729 1549 4803 integr.
1569 4729 1652 4783 restit.
1671 4739 1888 4796 accessurum,

221 4796 395 4854 setminoris
411 4794 547 4865 proprium
563 4791 582 4867 (
591 4794 652 4857 licet
671 4795 740 4858 olim
756 4795 827 4860 forte
848 4816 865 4856 a
889 4795 1036 4872 majoribus
1068 4811 1165 4860 contre
1182 4813 1263 4873 quein
1279 4809 1371 4860 tamen
1389 4798 1528 4886 impletam
1548 4799 1675 4867 minoret
1701 4795 1887 4860 restituione
