3994 5348
98 625 113 644 e
207 601 285 680 dicis,
301 617 355 669 quo
372 598 617 670 iudicialia,drhec
634 619 705 670 aque
717 598 840 660 Romano
857 616 889 654 ac
907 598 1014 660 hodier-
1042 620 1127 674 gnora

261 219 335 305 261
765 227 776 244 “
872 220 1044 292 struxit.
1071 227 1131 294 rit.
1158 229 1193 292 V·
1215 285 1220 292 .

206 327 250 374 tot
268 315 346 386 patto
361 333 518 378 servaverat
535 321 561 390 p'
581 323 653 376 noris
670 315 820 378 redimendi
836 315 1013 386 facultatem,
1042 320 1147 378 nuliam
1159 316 1268 376 haberet
1277 315 1422 388 adiissem,
1432 315 1495 386 quia
1503 333 1664 376 consensum
1681 323 1857 378 numeren-

130 447 135 456 .
207 385 227 441 Ι.
239 389 262 441 si
278 387 388 444 creditor·
405 403 432 458 7.
448 389 530 458 pu&
545 337 580 463 ἕ
587 409 608 447 r.
620 385 692 460 ffb.
702 407 721 444 s.
733 391 750 444 Ι.
761 392 794 457 ri,
812 407 874 444 cum
893 391 1013 447 maderet
1042 391 1142 448 ditioni
1159 391 1261 446 dedisse
1280 387 1471 460 intelliguntur
1498 389 1527 446 dr
1545 385 1597 458 juri
1615 391 1734 462 pignoris
1752 405 1858 448 rensin-

210 451 251 513 13.
268 453 301 526 ff
311 455 345 511 de
359 456 453 532 pigner.
464 462 516 517 ali.
527 477 630 529 tamen,
648 475 710 518 cum
720 458 800 518 hodie
818 465 930 529 pignora
947 477 1013 516 con·
1042 465 1135 530 classe,
1154 461 1171 515 Ι.
1181 461 1263 516 iiriur
1280 473 1306 532 9.
1322 454 1434 530 fflqqib.
1446 457 1514 513 mod.
1531 460 1653 532 pigmaei
1670 457 1726 528 hyp.
1733 458 1801 522 salv.

207 526 376 590 venilomlia
392 531 487 588 eodem
499 531 578 588 modo
592 529 778 589 distrahentur
796 545 828 585 ex
846 529 955 585 decreto
974 529 1013 598 iu·
1081 551 1123 590 rr.
1141 527 1223 658 ffuod
1249 534 1270 585 si
1289 537 1418 596 posterior
1436 529 1553 586 creditor
1583 526 1796 602 hypothecariae
1812 530 1861 600 pi·-

1164 601 1320 668 istraxerit‚
1338 606 1410 666 prior
1427 616 1458 656 ac
1480 597 1535 666 iure
1553 601 1642 663 potior
1661 599 1768 654 nullam
1785 611 1853 658 con·

208 687 247 730 no
264 687 320 742 ture
336 668 517 730 divendantur
534 671 653 730 sineulla
671 669 829 728 redhibendi
846 669 1004 730 conditione
1044 689 1085 730 tra
1105 673 1279 742 posteriorem
1306 671 1465 732 creditorem
1493 670 1527 726 de
1545 671 1631 740 pretio
1659 687 1692 726 ex
1711 672 1859 740 pignorum

207 739 273 799 ditm
291 745 382 798 omnia
396 743 493 798 omitti
509 741 618 811 debent,
636 740 732 808 quibus
740 754 852 798 emtores
869 737 1013 800 absterreri
1045 743 1203 800 venditione
1221 737 1471 798 redadloadiionem
1483 737 1585 809 habuit,
1602 737 1648 796 sed
1659 755 1768 798 tantum
1784 758 1854 798 con-

210 826 331 882 possent,
349 831 381 867 ac
399 812 519 868 venditio
535 809 671 869 difficilior
688 807 770 878 efdci,
787 825 866 878 atque
885 811 923 866 ita
940 815 1015 870 dere·
1043 827 1086 867 tra
1105 819 1200 872 tertios
1219 811 1361 881 pignorum
1381 828 1536 878 possessores
1555 807 1750 884 hypothecaria
1768 827 1855 879 expe-

209 883 268 938 rius
286 884 360 940 reddi
376 883 538 939 creditorum
555 881 620 952 just
640 897 802 949 consequens
829 893 869 936 est
917 901 964 939 nec
980 899 1013 942 ca
1044 885 1093 938 riri
1113 880 1424 951 juscivileeipermisitq
1441 897 1473 936 eo
1490 880 1562 952 quod
1579 886 1689 951 pecunia
1706 898 1784 961 espa
1806 899 1860 939 no·

208 953 316 1008 ratione
333 969 446 1011 emtores
463 951 498 1008 ab
514 958 651 1020 emtione,
668 949 750 1006 semel
769 968 811 1018 per
832 921 1013 1009 addiitionem
1044 971 1072 1010 re
1090 951 1196 1011 redadia
1214 953 1321 1022 pignori
1339 949 1459 1022 obligata
1478 967 1534 1004 non
1552 965 1613 1022 est,
1631 969 1680 1007 nec
1699 952 1727 1006 in
1746 968 1754 1022 ι
1797 953 1860 1010 idi,

209 1021 349 1079 solennem
366 1023 488 1092 impleta,
505 1022 599 1089 depelli
617 1039 691 1092 posse
701 1017 856 1090 perfodiam
874 1040 891 1078 a
909 1022 1014 1080 debito-
1044 1021 1249 1091 particularibus
1269 1019 1394 1081 inlocum
1414 1021 1456 1077 rei·
1469 1021 1597 1090 succedit,
1615 1021 1633 1078 i.
1648 1017 1711 1092 affl
1723 1019 1780 1080 iu.
1792 1019 1857 1094 jun-

207 1105 238 1147 te
256 1095 334 1160 pretii
351 1093 524 1149 oblationem.
542 1090 608 1164 Qua
626 1091 693 1148 adeo
706 1107 773 1160 ⁴vers
791 1103 866 1161 sunt,
883 1107 923 1167 ut,
941 1097 964 1148 si
983 1091 1014 1150 fi·
1043 1091 1113 1151 itai.
1124 1092 1243 1164 idemque
1261 1104 1285 1158 7.
1304 1084 1329 1164 β.
1342 1093 1366 1146 si
1381 1087 1431 1146 ribi
1444 1109 1464 1146 r.
1475 1091 1503 1143 in
1519 1087 1571 1156 fine
1584 1087 1620 1161 ff.
1631 1091 1674 1161 qui
1690 1091 1859 1167 pouinpigc.

208 1161 334 1221 duciarie
360 1163 502 1219 solutionis
531 1183 577 1232 per
595 1159 825 1219 interlocutoriam
851 1168 1014 1220 sententiam
1044 1165 1117 1234 iqui
1136 1183 1183 1220 oar
1201 1161 1218 1229 Ι
1237 1205 1242 1215 .
1263 1156 1287 1246 §.
1298 1157 1387 1232 staff
1399 1159 1431 1215 dr
1440 1155 1539 1231 furtis,
1559 1161 1611 1214 nisi
1622 1158 1697 1218 heres
1706 1161 1756 1218 sub
1774 1159 1860 1222 bene-

207 1231 320 1290 decrcte
338 1235 440 1290 intuitu
450 1235 475 1298 pi
496 1249 651 1301 noracapta
667 1229 883 1304 atquedistratia
902 1229 1014 1304 fuerint,
1045 1231 1107 1290 hcio
1126 1234 1274 1290 inventarii
1293 1231 1365 1288 adita
1384 1229 1534 1288 her-ditate
1551 1231 1730 1302 distraxisset,
1747 1233 1776 1293 dr
1792 1252 1853 1294 ete·

204 1315 240 1356 ac
257 1303 357 1362 deinde
374 1321 420 1374 per
437 1251 606 1361 dednitivam
635 1303 837 1359 interlocutoria
855 1315 1014 1372 revocetur,
1043 1305 1143 1361 ditores
1162 1299 1218 1369 iura
1234 1300 1365 1358 debiliora
1384 1299 1516 1356 habentes
1534 1317 1568 1357 ex
1587 1307 1672 1370 pretio
1689 1303 1833 1363 dimisisset

205 1387 245 1428 ne
260 1385 320 1431 tum
337 1373 447 1442 quidem
464 1370 717 1431 emtoriadebitore
735 1374 829 1444 pignus
847 1385 948 1430 emtum
965 1391 1014 1430 au·
1044 1373 1063 1430 Ι.
1074 1366 1158 1444 ult.§.
1178 1375 1225 1428 sin·
1236 1392 1295 1429 vero
1314 1371 1337 1427 5.
1356 1371 1389 1432 Θ
1406 1369 1432 1426 6.
1453 1368 1524 1426 Cris
1534 1369 1600 1441 jure
1617 1370 1781 1429 deliberandi
1808 1345 1855 1434 vei

208 1437 274 1497 fetri
294 1448 376 1512 possit
404 1441 499 1500 oblato
516 1449 618 1514 pretio,
636 1443 680 1500 sed
698 1443 819 1498 sullicere
836 1439 932 1500 debeat
953 1449 1014 1500 vin·
1045 1442 1108 1502 fisco
1125 1457 1254 1516 tanquam
1270 1443 1398 1500 creditori
1416 1443 1516 1508 potiori
1533 1439 1656 1498 debitum
1674 1459 1742 1501 esset
1771 1415 1857 1516 dpa-

206 1515 281 1568 centi
300 1531 347 1580 per
364 1513 547 1584 definitivam,
565 1513 637 1584 quod
655 1514 780 1570 adversus
798 1509 901 1568 vitium
914 1513 952 1578 ad
970 1532 1013 1570 so·
1043 1519 1124 1572 cunia
1142 1511 1166 1570 5.
1186 1514 1212 1568 C.
1224 1511 1256 1568 Aa
1272 1515 1359 1582 privil.
1368 1511 1427 1582 fisci
1439 1549 1446 1578 ,
1465 1509 1483 1566 Ι.
1494 1505 1593 1583 deferre
1616 1514 1653 1567 ri.
1671 1507 1697 1587 d
1717 1485 1766 1571 rsit.
1776 1516 1794 1572 Ι.
1810 1529 1853 1588 19.

205 1579 258 1639 luti
274 1586 301 1641 tr
320 1582 376 1650 eius
392 1585 462 1653 quod
472 1587 584 1640 interest
596 1583 794 1640 restitutionem
811 1597 889 1652 agere
899 1601 932 1640 ex
950 1601 1013 1640 cau·
1045 1603 1086 1642 ao.
1106 1598 1147 1640 ar.
1160 1579 1235 1652 Μ
1248 1583 1312 1654 jure
1322 1581 1392 1654 fisci.
1423 1577 1476 1637 Sed
1494 1597 1556 1636 cum
1574 1579 1711 1650 hodiernis
1729 1583 1853 1643 moribus

207 1653 286 1712 tione
304 1657 402 1720 possit:
429 1671 463 1710 eo
480 1654 551 1723 quod
578 1653 611 1710 ad
629 1649 815 1709 distradlionis
843 1652 1013 1710 validitatem
1043 1655 1131 1713 omnis
1148 1655 1272 1712 venditio
1291 1657 1430 1725 pignorum
1458 1651 1713 1710 conventionalium
1730 1672 1762 1710 ac
1781 1653 1855 1728 lega-

206 1719 319 1792 sufricir,
337 1740 397 1780 eum
415 1726 466 1780 rite
483 1723 691 1780 condemnatum
708 1743 772 1792 esse,
808 1723 847 1775 ita
865 1739 924 1790 pust
943 1721 1011 1782 Ant.
1044 1724 1109 1783 lium
1126 1742 1197 1792 eque
1217 1741 1249 1779 ac
1266 1721 1432 1792 judicialium
1443 1737 1475 1776 es
1486 1721 1595 1780 decreto
1612 1717 1707 1788 judicis
1724 1723 1858 1784 solenni·

205 1788 233 1850 F
234 1791 330 1849 abtum
348 1793 430 1849 ciii.
441 1797 466 1849 d.
476 1796 517 1850 sic.
533 1807 571 1864 17.
590 1792 667 1862 dosia.
677 1791 719 1850 25.
737 1795 807 1853 Ant.
817 1785 963 1853 Mattheus
981 1794 1012 1852 ds
1042 1809 1083 1853 ter
1103 1792 1226 1854 facienda
1245 1799 1289 1863 sit,
1305 1795 1332 1851 dr
1352 1797 1468 1862 pretium
1487 1791 1551 1850 inde
1570 1789 1706 1850 reditium
1726 1812 1782 1852 non
1802 1793 1857 1852 ali-

205 1863 321 1920 eubiioa.
333 1861 377 1919 lib.
392 1883 412 1920 r.
431 1879 486 1932 cap.
500 1863 540 1922 16.
560 1863 640 1920 n.5o.
1043 1877 1084 1922 ter
1100 1863 1275 1922 creditoribus
1292 1865 1379 1931 cedat,
1396 1862 1506 1936 quamsi
1516 1867 1638 1920 caverint
1655 1863 1691 1920 de
1709 1871 1858 1924 restituen-

247 1947 286 1988 ro.
307 1931 375 1992 lllud
395 1931 521 1992 Romano
537 1937 564 1992 dr
586 1933 717 1990 hodierno
733 1927 785 2000 iuri
802 1947 944 1990 commune
960 1947 1013 2003 est,
1041 1935 1086 2006 do,
1104 1933 1150 1992 ubi
1169 1934 1217 1991 alii
1234 1933 1393 1990 emerserint
1413 1936 1519 2002 potiora
1535 1929 1597 2004 jura
1617 1931 1760 2008 habentes,
1775 1949 1858 2004 atque

204 2003 287 2129 md,
305 2005 328 2058 si
343 2006 480 2072 antiquior
497 2022 530 2062 ac
548 2002 828 2071 iurepotiorcreditor
846 2004 941 2075 pignus
958 2003 1012 2060 sol-
1043 2011 1081 2060 ita
1099 2005 1214 2074 pretium
1231 2001 1393 2061 audioritate
1411 1999 1518 2074 publica
1535 2017 1692 2072 surrogetur
1709 2007 1741 2062 in
1759 2005 1852 2064 locum
1871 2069 1881 2078 ,

263 2077 333 2129 niter
342 2088 474 2130 extraneo
484 2075 645 2144 vendiderit,
662 2085 709 2131 aut
727 2073 836 2130 decreto
853 2069 948 2142 judicis
966 2093 1012 2143 per
1042 2076 1092 2144 rei,
1108 2081 1192 2148 magis
1208 2088 1267 2145 est,
1283 2077 1324 2130 'ut
1342 2091 1413 2129 nunc
1431 2085 1545 2130 emtores
1563 2071 1717 2133 addidlione
1747 2073 1850 2148 fideque

203 2147 371 2211 apparitores
388 2143 503 2202 distrahi
521 2145 674 2213 curaverit,
699 2158 844 2200 extraneus
862 2142 908 2200 ille
924 2159 1013 2201 emtor
1042 2144 1148 2215 publica
1165 2147 1264 2202 muniti
1292 2143 1437 2216 inquietari
1465 2155 1601 2210 nequeant
1619 2162 1664 2214 per
1681 2162 1746 2218 cos,
1764 2149 1810 2216 qui
1826 2165 1856 2204 se

203 2227 292 2285 neque
312 2233 358 2282 per
374 2214 543 2282 debitorem,
563 2231 648 2283 neque
666 2231 713 2282 per
729 2214 874 2286 creditores
891 2226 1011 2283 tempore
1043 2217 1071 2270 in
1089 2217 1116 2284 pi
1136 2231 1200 2272 nore
1219 2219 1333 2283 potiores
1358 2233 1414 2272 esse
1421 2211 1611 2280 contendunt,
1629 2215 1675 2270 sed
1707 2215 1733 2268 vi
1751 2223 1860 2274 cautio-

266 2284 364 2340 eriures
381 2282 654 2354 authtredebiliores,
670 2281 755 2340 ullam
763 2279 855 2339 oblito
872 2284 1011 2350 pretioso
1044 2289 1086 2340 nis
1139 2301 1228 2341 seretti
1245 2285 1390 2342 creditores
1400 2283 1557 2354 posteriores
1574 2299 1608 2340 etr
1626 2287 1713 2352 pretio
1729 2285 1859 2347 dimissos

238 2363 267 2408 to
284 2356 341 2422 pati
360 2367 482 2412 teneatur
499 2369 576 2412 ernte
594 2356 632 2412 rei
649 2351 834 2420 oblationem,
851 2353 897 2410 sed
914 2352 1012 2422 plenis-
1043 2355 1176 2427 agendum
1184 2357 1228 2426 sit,
1245 2357 1352 2427 quoties
1363 2352 1430 2420 justa
1448 2349 1538 2408 subest
1561 2360 1711 2424 excusatio,
1727 2375 1773 2412 cur
1790 2373 1847 2412 non

203 2423 274 2478 simo
290 2425 318 2482 dt
336 2424 508 2482 irrevocabili
532 2425 589 2495 jure
605 2423 730 2481 mutnus
748 2421 814 2495 liat,
832 2426 850 2478 Ι.
868 2441 929 2480 cum
946 2427 1013 2490 prior
1044 2429 1172 2484 maturius
1190 2443 1222 2481 ac
1241 2444 1268 2482 re
1278 2423 1364 2482 adhuc
1374 2430 1480 2496 integra
1489 2417 1589 2492 dejure
1606 2425 1774 2494 aro‘csperti
1792 2423 1852 2484 lue-

202 2485 233 2546 5.
244 2487 282 2563 ff.
292 2493 317 2548 i.
336 2510 356 2550 r.
368 2496 386 2550 Ι.
400 2513 423 2552 ι.
442 2511 465 2552 2.
485 2497 513 2552 C.
524 2495 547 2549 si
564 2495 696 2564 antiquior·
712 2491 779 2550 cieri.
796 2497 864 2568 pige.
877 2491 1022 2553 vendidi·
1043 2496 1109 2568 rint,
1126 2495 1172 2566 qui
1191 2514 1218 2551 se
1235 2491 1312 2564 ajunt
1330 2496 1448 2564 potiores
1465 2511 1529 2556 esse,
1548 2491 1757 2568 Groenevvegen
1775 2493 1816 2552 ad
1832 2497 1853 2554 Ι.

147 2599 151 2608 -
204 2563 230 2618 si
243 2564 398 2636 generaliter·
415 2562 443 2624 6.
460 2565 542 2637 &qui
556 2567 646 2635 potin
662 2565 729 2636 pige.
749 2565 777 2624 dr
795 2575 892 2622 contra
912 2581 1011 2632 posses·
1047 2559 1380 2624 1'3.Cod.daeevil'iion.&
1400 2564 1440 2618 ad
1454 2561 1570 2618 rithmi
1586 2561 1690 2622 vendito
1704 2568 1808 2636 pignore
1824 2575 1861 2622 σὲ

202 2647 275 2690 sores
293 2649 462 2707 quoscunque
479 2639 561 2705 possit
589 2635 619 2690 in
637 2649 693 2690 rem
710 2631 848 2692 cilionem
867 2651 1011 2706 exercere,
1038 2652 1129 2720 gatar.
1147 2631 1289 2694 Leeuvven
1308 2627 1515 2704 cenufhapavt.
1530 2649 1551 2687 r.
1562 2631 1605 2689 lib.
1617 2631 1644 2702 4.
1663 2649 1720 2702 cap.
1734 2654 1773 2698 ro.
1792 2651 1857 2712 tuq.

204 2703 225 2759 Ι.
244 2700 362 2788 obligarit
386 2707 425 2768 ¹5.
444 2707 472 2762 C.
493 2706 519 2764 b.
538 2722 558 2762 t.
578 2723 627 2790 nec
645 2705 728 2790 vinci,
746 2708 769 2760 si
787 2705 964 2794 conveniatur
973 2707 1014 2791 'de
1043 2725 1072 2762 m
1083 2705 1160 2792 fine,
1188 2703 1232 2764 vel
1269 2708 1355 2765 uoties
1372 2703 1504 2788 conditio·
1512 2701 1597 2761 debiti
1614 2715 1659 2760 aut
1688 2703 1849 2776 hypotheca

201 2771 1014 2917 witmaridimittitis{itit
1042 2775 1512 2916 iiiiiiithtiitiiiii
1529 2783 1785 2914 mittitis,
1799 2795 1859 2902 tit

202 2913 330 2984 creditor,
348 2916 537 2989 quiveritis,
554 2912 769 2978 eiusdemreiex
787 2913 841 2970 alia
858 2931 941 2972 causa
959 2915 1013 2976 vel-
1044 2922 1071 2972 in
1090 2933 1181 2973 casum
1198 2911 1358 2986 evidlionis,
1376 2933 1433 2984 que
1452 2916 1565 2973 necdum
1580 2924 1669 2970 secuta
1685 2927 1736 2981 est,
1752 2909 1865 2974 fundus-

196 2979 243 3040 iet
260 2990 433 3054 quatrionem
450 3003 568 3056 usovere,
585 2986 603 3040 Ι.
614 2983 647 3045 Θ
665 2987 689 3039 ri
707 2989 730 3040 ir
751 3000 791 3040 ru.
804 2981 875 3052 Μ.
888 2999 911 3040 t.
922 2981 1014 3044 Sinde
1044 2987 1150 3058 pignori
1169 2983 1305 3058 obligatus
1324 2999 1376 3057 est,
1394 3003 1456 3041 cum
1474 2983 1516 3041 his
1527 2985 1556 3041 in
1565 2983 1666 3041 casibus
1684 2995 1795 3040 tantum
1814 2980 1857 3052 ius

203 3050 283 3110 decis.
294 3053 388 3110 Friric.
408 3055 454 3111 lib.
465 3053 490 3112 3.
503 3061 551 3112 ¹tit.
565 3071 604 3111 ra.
623 3053 701 3122 defin.
717 3049 755 3110 18.
775 3049 825 3110 Uti
841 3071 875 3114 ex
892 3053 1012 3125 adverso,
1043 3073 1120 3114 strum
1135 3074 1171 3115 ex
1189 3057 1347 3116 conditione
1373 3073 1530 3128 suspensum
1547 3053 1712 3130 denunciare
1739 3057 1852 3112 interim

138 3187 142 3204 ι
203 3124 228 3178 si
245 3125 362 3182 creditor
379 3127 686 3200 antiquiorptgnusnon
696 3122 826 3200 studione
843 3121 950 3196 publica
968 3129 1014 3187 sod
1035 3127 1161 3186 'creditor
1180 3127 1261 3193 possit
1280 3145 1311 3185 ac
1329 3125 1445 3198 debeat,
1464 3139 1584 3196 tempore
1600 3143 1650 3196 eo,
1667 3141 1721 3193 quo
1737 3123 1772 3184 de
1784 3145 1857 3196 pre·

201 3192 333 3262 privatim
350 3211 367 3250 a
383 3195 505 3254 debitore
530 3195 744 3264 comparaverit,
771 3191 888 3252 liberum
906 3197 1014 3266 reliquis
1044 3197 1146 3256 latione
1164 3197 1325 3270 disputatur,
1343 3217 1375 3256 ac
1387 3201 1543 3266 neutiquam
1560 3197 1704 3265 impetrare
1720 3193 1806 3252 debiti
1821 3215 1858 3254 erc

201 3275 244 3320 ast
261 3261 388 3322 adversas
405 3283 469 3324 eum
494 3264 687 3338 hypothecaria
739 3283 801 3333 ere,
827 3267 969 3339 &pignus
985 3287 1013 3326 e-
1042 3268 1199 3328 conditione
1215 3273 1364 3328 etiamnum
1373 3269 1490 3338 suspensi
1509 3269 1537 3328 bt
1555 3265 1644 3325 adhuc
1663 3267 1761 3322 incerti
1779 3264 1852 3324 solu·

201 3333 314 3392 vincere
331 3337 442 3405 perinde
459 3355 492 3395 ac
509 3339 532 3393 si
550 3348 681 3394 extraneo
726 3333 929 3408 ebirorplguus
947 3355 1011 3404 ven-
1044 3343 1155 3397 tionem.
1175 3335 1341 3398 Neostadius
1357 3340 1441 3396 caria
1458 3355 1528 3410 supr.
1546 3336 1679 3409 decinqp.
1697 3328 1770 3407 (vel
1782 3335 1856 3410 95)

200 3403 326 3474 didisset,
345 3406 364 3461 Ι.
378 3426 401 3464 r.
419 3407 482 3464 Cri
499 3407 633 3478 antiquior·
649 3403 718 3463 ml.
735 3407 834 3482 pigpor.
853 3404 929 3486 orpd
950 3405 1014 3480 Quo
1043 3429 1098 3481 qua
1115 3410 1203 3478 incipit
1230 3409 1398 3467 Gallielmur.
1418 3403 1590 3479 Tiraquellus
1608 3405 1641 3462 ds
1657 3407 1775 3474 tetradia
1785 3426 1852 3480 gnr-

200 3483 297 3534 tamen
314 3493 378 3536 casti
394 3475 521 3536 creditori
538 3474 699 3546 antiquiori,
715 3479 759 3531 cul
777 3488 831 3539 1²⁰¹
847 3493 893 3544 per
910 3481 1011 3536 emtio-
1043 3480 1084 3537 til.
1094 3473 1120 3553 β.
1143 3497 1163 3534 r.
1177 3451 1254 3552 giotr.
1270 3500 1309 3538 ιο.
1329 3501 1355 3538 n.
1373 3479 1417 3550 45.
1435 3479 1514 3538 udde
1531 3479 1574 3534 tit.
1593 3476 1625 3532 de
1636 3473 1751 3548 judiciis
1768 3497 1794 3532 n.
1806 3471 1851 3532 28.

199 3559 269 3602 nem
285 3547 399 3606 domino
414 3545 485 3606 lelio
494 3547 608 3606 desierat
626 3563 666 3602 ret
683 3546 791 3617 pignori
808 3563 873 3617 esse,
890 3548 954 3606 dum
972 3548 1011 3605 rei
1081 3565 1120 3607 ra.
1139 3545 1216 3608 Licet
1233 3565 1326 3609 autem
1344 3547 1500 3622 regulariter
1518 3557 1611 3618 parata
1629 3553 1742 3616 pecunia
1758 3548 1858 3620 pigno·

201 3629 256 3672 Μ
274 3615 571 3692 tignusnonsubsistit,
590 3613 716 3686 jussuum
732 3616 853 3687 pignoris
868 3633 930 3674 etun
948 3636 1013 3688 pra·
1043 3637 1074 3674 ra
1091 3617 1267 3678 distrahenda
1285 3622 1358 3689 sint,
1375 3620 1442 3676 adeo
1460 3631 1509 3687 ut,
1535 3630 1641 3674 emtore
1658 3622 1780 3686 pretium
1793 3633 1851 3676 non

201 3683 308 3746 latione
326 3689 367 3744 ita
385 3690 534 3758 reviviscit,
553 3691 628 3757 quasi
638 3683 713 3742 nulla
731 3687 850 3757 pignoris
867 3689 953 3744 emtio
969 3694 1014 3745 in·
1043 3689 1175 3760 solvente,
1195 3691 1291 3746 iterata
1311 3688 1367 3746 lieri
1419 3690 1467 3747 ssit
1475 3677 1596 3759 ejsudem
1614 3690 1652 3742 rei
1672 3688 1795 3746 venditio
1812 3706 1866 3770 pe-⁸

202 3761 382 3824 tervenlssett
407 3776 468 3816 cunr
485 3759 624 3817 etiamst
642 3762 697 3823 ipsa
714 3755 799 3812 cattio
817 3773 863 3824 per
881 3755 1014 3829 hypothe
1032 3761 1130 3820 ,riculo
1147 3761 1226 3824 primi
1243 3763 1363 3830 emtoris‚
1381 3707 1428 3818 ib
1445 3759 1506 3816 dvo
1523 3759 1569 3814 liv
1590 3755 1630 3813 15.
1669 3797 1675 3809 .
1695 3755 1744 3812 red
1758 3760 1781 3814 si
1796 3778 1859 3814 om·

201 3829 340 3882 cariam
432 3833 502 3886 tiore
518 3829 684 3885 intentatam
700 3827 728 3884 dr
744 3818 906 3883 atilionem
923 3826 1013 3887 subse·
1043 3825 1165 3956 cerff:
1177 3829 1209 3885 de
1227 3849 1253 3884 re
1264 3829 1405 3902 judicata,
1422 3827 1506 3900 junci.
1517 3829 1536 3884 Ι.
1550 3829 1573 3883 si
1583 3825 1639 3897 fian
1657 3846 1688 3883 ur
1705 3823 1732 3896 4.
1750 3820 1776 3902 §.
1793 3841 1850 3896 perr.

200 3894 331 3952 cutamh
391 3915 441 3956 nus
459 3895 618 3968 inritaretur,
634 3907 714 3968 atque
731 3901 770 3952 ita
787 3908 899 3958 eventus
916 3897 1012 3959 doctu-
1037 3897 1074 3971 ff.
1170 3902 1391 3970 scommirsoria,
1409 3901 1498 3970 potuit
1514 3913 1605 3956 tanen
1622 3895 1741 3954 creditor
1759 3899 1858 3970 pignus

387 3969 393 3982 ι
609 3969 616 3984 ι
640 3967 647 3980 ο
768 3967 775 3980 ι
823 3965 830 3980 ι
874 3971 880 3984 a
978 3971 985 3984 a
1142 3917 1169 3976 ‘g
1260 3983 1263 3987 ,
1362 3975 1369 3988 ,
1609 3970 1616 3983 ο
1678 3967 1685 3981 ο
1734 3973 1740 3986 ,

202 3967 250 4033 rit,
266 3965 420 4026 revocabile
429 3981 534 4027 tantum
543 3969 695 4029 munium
703 3965 831 4026 creditori
841 3983 929 4036 ptimo
947 3968 1013 4026 furs-
1043 3970 1161 4029 vendens
1179 3968 1259 4028 iidem
1274 3981 1369 4028 emtori
1388 3967 1486 4029 hahere
1503 3969 1537 4028 de
1545 3982 1647 4039 pretio,
1664 3985 1686 4022 u
1704 3967 1785 4026 ahter
1803 3966 1857 4024 bo-

201 4051 233 4093 se
250 4039 408 4105 quesitums
425 4055 478 4114 qao
497 4035 527 4096 ht
555 4051 585 4096 ut
602 4035 697 4096 ablato
710 4035 822 4094 domino
839 4041 954 4107 pristina
971 4037 1013 4111 iu·
1043 4043 1085 4096 nis
1101 4039 1304 4099 conditionibus
1320 4055 1504 4100 resemtorem
1523 4055 1579 4097 non
1607 4037 1766 4111 inveniret,
1794 4055 1855 4110 arg.
1910 4090 1916 4100 ‚

202 4121 236 4162 ra
252 4105 489 4182 redintegrentur,
525 4111 608 4166 .l.t.
626 4108 655 4164 Ι).
673 4110 703 4196 si
714 4107 848 4190 antiquior
865 4109 933 4166 cred
963 4115 1010 4166 'ra
1042 4110 1061 4166 Ι.
1079 4111 1208 4195 eliganter
1226 4110 1269 4180 ad.
1286 4104 1312 4184 §-
1332 4114 1357 4168 si
1373 4111 1519 4170 vendiderit
1536 4125 1562 4166 a.
1580 4103 1613 4178 ffi
1630 4107 1662 4163 dc
1677 4108 1747 4183 pigri.
1768 4106 1854 4196 aad.

200 4172 1012 4332 stimi'fitimtttttasmm
1039 4181 1269 4335 sarracini
1286 4181 1855 4333 bertricurt-tm

202 4328 289 4400 stetit!
356 4316 428 4378 dista
436 4324 480 4377 rit.
490 4319 522 4374 le
540 4321 590 4395 legs
599 4323 759 4378 commissor.
770 4339 843 4378 nem.
853 4317 895 4376 28.
906 4325 934 4377 in
945 4319 1010 4393 fine
1040 4319 1247 4380 distrahendum
1263 4333 1340 4392 «ωε,
1356 4324 1373 4378 Ι.
1392 4327 1418 4379 si
1430 4328 1458 4393 p·
1473 4341 1533 4378 nore
1550 4335 1593 4376 aa.
1612 4311 1638 4392 d
1657 4319 1690 4378 ul
1700 4360 1706 4374 .
1718 4315 1758 4390 ffl
1815 4337 1858 4391 ps-

200 4383 381 4472 Chrrstinaus
398 4389 482 4459 wid.
499 4389 578 4448 decis.
592 4387 649 4448 162.
667 4389 838 4464 linquetur
855 4389 1009 4476 deversari.
1036 4408 1140 4476 μαψ.
1159 4393 1216 4450 aii.
1234 4389 1264 4450 Si
1291 4405 1381 4450 tamen
1401 4412 1430 4450 cr
1465 4399 1518 4449 itor
1546 4391 1670 4460 deinceps
1696 4389 1733 4475 ab
1749 4400 1857 4448 emtore

198 4458 292 4532 gentil.
302 4451 329 4533 β
354 4477 376 4516 r.
389 4461 503 4544 glosey.
522 4475 601 4533 n.7o
620 4459 767 4520 Mattheus
783 4459 818 4518 de
835 4457 946 4517 aflirilar
964 4461 1010 4516 de-
1041 4474 1158 4529 pretium
1181 4468 1306 4534 consequi
1325 4477 1460 4534 nequeat,
1488 4481 1541 4520 nec
1555 4459 1639 4528 culpa
1657 4473 1741 4532 possit
1757 4467 1857 4548 argui,

199 4531 250 4655 hh*
265 4526 306 4654 ιε.
324 4525 463 4598 Responsa
475 4529 715 4620 prisc3lloll.par.
729 4529 922 4614 romonsidallt.
941 4529 1009 4589 Ant.
1039 4531 1145 4590 debitor
1163 4531 1251 4622 adhuc
1267 4531 1403 4617 obligatus
1421 4546 1531 4618 uuum,
1560 4530 1624 4600 quia
1640 4543 1855 4620 ettvnecessrtaute

199 4612 280 4754 ,ti
297 4599 533 4744 :bittit
544 4599 1011 4757 intercluderent
1040 4599 1643 4747 {ditiidiiitidi‘iliiiiiit
1659 4618 1864 4731 stiriis

198 4738 477 4830 amulunauemtione
486 4745 752 4830 emissentprivatim
767 4757 785 4800 a
800 4738 924 4830 debitore
940 4763 1008 4814 pra·
1040 4743 1159 4802 utoribtu
1175 4742 1302 4804 cnutone
1328 4741 1432 4828 publica
1449 4763 1490 4814 res
1507 4743 1619 4802 mobiles
1643 4759 1691 4828 per
1708 4743 1858 4829 audliona—

199 4809 275 4873 dvvm
299 4809 357 4877 salu¹
369 4809 539 4887 obligatumt
564 4825 630 4874 tunc
646 4829 721 4876 enam
747 4811 821 4874 alter
845 4831 876 4872 ut
893 4812 1014 4876 alsenam
1041 4816 1122 4888 riuus,
1138 4833 1189 4876 seu
1202 4831 1349 4888 preconem
1356 4811 1491 4880 dista&
1508 4819 1577 4898 siut,
1591 4828 1623 4870 ac
1641 4831 1664 4870 u
1681 4827 1803 4895 prusam
1817 4813 1854 4875 ab

224 5273 272 5322 h
